@article{1983,
  title = {Optimal Instrumental-Variable Methods for Identification of Multivariable Linear Systems},
  date = {1983-07-01},
  journaltitle = {Automatica},
  volume = {19},
  number = {4},
  pages = {425--429},
  publisher = {{Pergamon}},
  issn = {0005-1098},
  url = {https://www.sciencedirect.com/science/article/pii/0005109883900584},
  urldate = {2022-11-15},
  langid = {english},
  file = {C\:\\Users\\rogierdinkla\\OneDrive - Delft University of Technology\\Desktop\\SPC\\SPC-papers\\1983Stoica_OptimalIVMethods4IdentificationOfMultivariableLinearSystems.pdf;C\:\\Users\\rogierdinkla\\Zotero\\storage\\B594Q7WC\\0005109883900584.html}
}

@book{Anderson1979,
  title = {Optimal {{Filtering}}},
  author = {Anderson, Brian D.O. and Moore, John B.},
  date = {1979},
  publisher = {{Prentice Hall}},
  location = {{Englewood Cliffs, New Jersey}}
}

@article{Andersson2019,
  title = {{{CasADi}}: A Software Framework for Nonlinear Optimization and Optimal Control},
  shorttitle = {{{CasADi}}},
  author = {Andersson, Joel A. E. and Gillis, Joris and Horn, Greg and Rawlings, James B. and Diehl, Moritz},
  date = {2019-03-01},
  journaltitle = {Mathematical Programming Computation},
  shortjournal = {Math. Prog. Comp.},
  volume = {11},
  number = {1},
  pages = {1--36},
  issn = {1867-2957},
  url = {https://doi.org/10.1007/s12532-018-0139-4},
  urldate = {2023-12-29},
  langid = {english},
  keywords = {90C99,93A30,97A01,Open source optimization software,Optimal control,Optimization},
  file = {C:\Users\rogierdinkla\Zotero\storage\NLL4H33G\Andersson et al. - 2019 - CasADi a software framework for nonlinear optimiz.pdf}
}

@article{Bauer2002,
  title = {Some Facts about the Choice of the Weighting Matrices in {{Larimore}} Type of Subspace Algorithms},
  author = {Bauer, Dietmar and Ljung, Lennart},
  date = {2002-05-01},
  journaltitle = {Automatica},
  shortjournal = {Automatica},
  volume = {38},
  number = {5},
  pages = {763--773},
  issn = {0005-1098},
  url = {https://www.sciencedirect.com/science/article/pii/S0005109801002618},
  urldate = {2023-10-20},
  keywords = {Asymptotic variance,Discrete time systems,Linear systems,Subspace methods},
  file = {C\:\\Users\\rogierdinkla\\OneDrive - Delft University of Technology\\Desktop\\research papers\\01 - Data Driven\\03 - Identification\\01 - Subspace Identification\\104_Bauer2002_Some_facts_about_the_choice_of_weighting_matrices_in_Larimore_type_of_subsp.pdf;C\:\\Users\\rogierdinkla\\Zotero\\storage\\XCJT5USC\\Bauer and Ljung - 2002 - Some facts about the choice of the weighting matri.pdf}
}

@article{Bazanella2023,
  title = {The Data-Driven Approach to Classical Control Theory},
  author = {Bazanella, Alexandre Sanfelici and Campestrini, Lucíola and Eckhard, Diego},
  date = {2023-01-01},
  journaltitle = {Annual Reviews in Control},
  shortjournal = {Annual Reviews in Control},
  volume = {56},
  pages = {100906},
  issn = {1367-5788},
  url = {https://www.sciencedirect.com/science/article/pii/S1367578823000706},
  urldate = {2023-10-13},
  keywords = {review},
  file = {C:\Users\rogierdinkla\OneDrive - Delft University of Technology\Desktop\research papers\01 - Data Driven\102_Bazanella2023_The_DD_aproach_to_classical_control_theory.pdf}
}

@inproceedings{Berberich2020,
  title = {Robust {{Constraint Satisfaction}} in {{Data-Driven MPC}}},
  booktitle = {2020 59th {{IEEE Conference}} on {{Decision}} and {{Control}} ({{CDC}})},
  author = {Berberich, Julian and Köhler, Johannes and Müller, Matthias A. and Allgöwer, Frank},
  date = {2020-12},
  pages = {1260--1267},
  issn = {2576-2370},
  eventtitle = {2020 59th {{IEEE Conference}} on {{Decision}} and {{Control}} ({{CDC}})},
  keywords = {Data models,Linear systems,Noise measurement,Numerical models,Predictive models,Stability analysis,Trajectory},
  file = {C\:\\Users\\rogierdinkla\\OneDrive - Delft University of Technology\\Desktop\\SPC\\SPC-papers\\2020Berberich_RobustConstraintSatisfactionInDDMPC.pdf;C\:\\Users\\rogierdinkla\\Zotero\\storage\\KLPVXLVL\\Berberich et al. - 2020 - Robust Constraint Satisfaction in Data-Driven MPC.pdf}
}

@article{Berberich2021,
  title = {Data-{{Driven Model Predictive Control With Stability}} and {{Robustness Guarantees}}},
  author = {Berberich, Julian and Köhler, Johannes and Müller, Matthias A. and Allgöwer, Frank},
  date = {2021-04},
  journaltitle = {IEEE Transactions on Automatic Control},
  volume = {66},
  number = {4},
  pages = {1702--1717},
  issn = {1558-2523},
  eventtitle = {{{IEEE Transactions}} on {{Automatic Control}}},
  keywords = {Control theory,Data-driven control,Linear systems,Noise measurement,predictive control for linear systems,robust control,Stability analysis,Trajectory,uncertain systems},
  file = {C\:\\Users\\rogierdinkla\\OneDrive - Delft University of Technology\\Desktop\\research papers\\01 - Data Driven\\02 - DeePC\\90_Berberich2021_DD_MPC_with_stability_and_robustness_guarantees.pdf;C\:\\Users\\rogierdinkla\\Zotero\\storage\\EY2IVE2Y\\9109670.html}
}

@article{Berberich2022,
  title = {Linear {{Tracking MPC}} for {{Nonlinear Systems}}—{{Part II}}: {{The Data-Driven Case}}},
  shorttitle = {Linear {{Tracking MPC}} for {{Nonlinear Systems}}—{{Part II}}},
  author = {Berberich, Julian and Köhler, Johannes and Müller, Matthias A. and Allgöwer, Frank},
  date = {2022-09},
  journaltitle = {IEEE Transactions on Automatic Control},
  volume = {67},
  number = {9},
  pages = {4406--4421},
  issn = {1558-2523},
  eventtitle = {{{IEEE Transactions}} on {{Automatic Control}}},
  keywords = {Data-driven control,Linear systems,Noise measurement,Nonlinear dynamical systems,nonlinear systems,Numerical stability,predictive control for linear systems,Predictive models,Stability analysis,time varying systems,Trajectory},
  file = {C\:\\Users\\rogierdinkla\\OneDrive - Delft University of Technology\\Desktop\\SPC\\SPC-papers\\2022Berberich_LinearTrackingMPC4NonlinearSystems-PartIITheDDCase.pdf;C\:\\Users\\rogierdinkla\\Zotero\\storage\\UELS4L29\\Berberich et al. - 2022 - Linear Tracking MPC for Nonlinear Systems—Part II.pdf;C\:\\Users\\rogierdinkla\\Zotero\\storage\\RMPLQPT3\\9756053.html}
}

@article{Bilgic2022,
  title = {Toward Data-Driven Predictive Control of Multi-Energy Distribution Systems},
  author = {Bilgic, Deborah and Koch, Alexander and Pan, Guanru and Faulwasser, Timm},
  date = {2022-11-01},
  journaltitle = {Electric Power Systems Research},
  shortjournal = {Electric Power Systems Research},
  volume = {212},
  issn = {0378-7796},
  url = {https://www.sciencedirect.com/science/article/pii/S0378779622004928},
  urldate = {2022-11-10},
  langid = {english},
  keywords = {Data-driven control,Gaussian processes,Multi-energy distribution systems,Predictive control},
  file = {C\:\\Users\\rogierdinkla\\Zotero\\storage\\49U5A6L7\\Bilgic et al. - 2022 - Toward data-driven predictive control of multi-ene.pdf;C\:\\Users\\rogierdinkla\\Zotero\\storage\\4TE6CUYK\\S0378779622004928.html}
}

@article{Bisoffi2022,
  title = {Data-Driven Control via {{Petersen}}’s Lemma},
  author = {Bisoffi, Andrea and De Persis, Claudio and Tesi, Pietro},
  date = {2022-11-01},
  journaltitle = {Automatica},
  shortjournal = {Automatica},
  volume = {145},
  pages = {110537},
  issn = {0005-1098},
  url = {https://www.sciencedirect.com/science/article/pii/S0005109822003983},
  urldate = {2023-10-03},
  keywords = {Analysis of systems with uncertainty,Data-based control,Linear matrix inequalities,Optimization-based controller synthesis,Robust control of nonlinear systems,Sum-of-squares},
  file = {C\:\\Users\\rogierdinkla\\OneDrive - Delft University of Technology\\Desktop\\research papers\\01 - Data Driven\\100_Bisoffi2022_Data-driven_control_via_Petersons_lemma.pdf;C\:\\Users\\rogierdinkla\\Zotero\\storage\\JIZ74P23\\S0005109822003983.html}
}

@article{Bongard2022,
  title = {Robust Stability Analysis of a Simple Data-Driven Model Predictive Control Approach},
  author = {Bongard, Joscha and Berberich, Julian and Koehler, Johannes and Allgower, Frank},
  date = {2022},
  journaltitle = {IEEE Transactions on Automatic Control},
  issn = {1558-2523},
  eventtitle = {{{IEEE Transactions}} on {{Automatic Control}}},
  keywords = {Analytical models,Data models,Data-driven control,Linear systems,Noise measurement,optimal control,predictive control for linear systems,Robustness,Stability analysis,Trajectory,uncertain systems},
  file = {C\:\\Users\\rogierdinkla\\OneDrive - Delft University of Technology\\Desktop\\SPC\\SPC-papers\\2022Bongard_Robust_stability_analysis_of_a_simple_DD_MPC_approach.pdf;C\:\\Users\\rogierdinkla\\Zotero\\storage\\I7RGTWKE\\Bongard et al. - 2022 - Robust stability analysis of a simple data-driven .pdf;C\:\\Users\\rogierdinkla\\Zotero\\storage\\78SM5B7D\\9744574.html}
}

@article{Bossanyi2005,
  title = {Further Load Reductions with Individual Pitch Control},
  author = {Bossanyi, E. A.},
  date = {2005},
  journaltitle = {Wind Energy},
  volume = {8},
  number = {4},
  pages = {481--485},
  issn = {1099-1824},
  url = {http://onlinelibrary.wiley.com/doi/abs/10.1002/we.166},
  urldate = {2023-04-11},
  langid = {english},
  file = {C\:\\Users\\rogierdinkla\\Zotero\\storage\\494K5CAQ\\Bossanyi - 2005 - Further load reductions with individual pitch cont.pdf;C\:\\Users\\rogierdinkla\\Zotero\\storage\\7BBEHBCW\\we.html}
}

@article{Bottasso2014,
  title = {Wind Tunnel Testing of Scaled Wind Turbine Models: {{Beyond}} Aerodynamics},
  shorttitle = {Wind Tunnel Testing of Scaled Wind Turbine Models},
  author = {Bottasso, Carlo L. and Campagnolo, Filippo and Petrović, Vlaho},
  date = {2014-04-01},
  journaltitle = {Journal of Wind Engineering and Industrial Aerodynamics},
  shortjournal = {Journal of Wind Engineering and Industrial Aerodynamics},
  volume = {127},
  pages = {11--28},
  issn = {0167-6105},
  url = {https://www.sciencedirect.com/science/article/pii/S0167610514000269},
  urldate = {2023-02-03},
  langid = {english},
  keywords = {Aeroelasticity,Emergency shutdown,Wind observer,Wind tunnel,Wind turbine,Wind turbine control},
  file = {C\:\\Users\\rogierdinkla\\OneDrive - Delft University of Technology\\Desktop\\research papers\\02 - WT\\06 - testing\\73_Bottasso2024_Wind_tunnel_testing_of_scaled_WT_models_beyond_aerodynamics.pdf;C\:\\Users\\rogierdinkla\\Zotero\\storage\\YSAPMNBZ\\S0167610514000269.html}
}

@online{Breschi2022,
  title = {Data-Driven Predictive Control in a Stochastic Setting: A Unified Framework},
  shorttitle = {Data-Driven Predictive Control in a Stochastic Setting},
  author = {Breschi, Valentina and Chiuso, Alessandro and Formentin, Simone},
  date = {2022-11-21},
  eprint = {2203.10846},
  eprinttype = {arxiv},
  eprintclass = {cs, eess, math},
  url = {http://arxiv.org/abs/2203.10846},
  urldate = {2023-03-06},
  pubstate = {preprint},
  keywords = {Electrical Engineering and Systems Science - Systems and Control,Mathematics - Optimization and Control},
  file = {C:\Users\rogierdinkla\OneDrive - Delft University of Technology\Desktop\SPC\SPC-papers\2022Breschi_DDPCinaStochasticSetting_aUnifiedFramework.pdf}
}

@online{Breschi2022a,
  title = {The Role of Regularization in Data-Driven Predictive Control},
  author = {Breschi, Valentina and Chiuso, Alessandro and Formentin, Simone},
  date = {2022-03-21},
  eprint = {2203.10846v1},
  eprinttype = {arxiv},
  pubstate = {preprint},
  file = {C:\Users\rogierdinkla\OneDrive - Delft University of Technology\Desktop\research papers\01 - Data Driven\02 - DeePC\95_Breschi2022_The_role_of_regularization_in_DDPC.pdf}
}

@online{Breschi2023,
  title = {On the Impact of Regularization in Data-Driven Predictive Control},
  author = {Breschi, Valentina and Chiuso, Alessandro and Fabris, Marco and Formentin, Simone},
  date = {2023-04-01},
  eprint = {2304.00263},
  eprinttype = {arxiv},
  eprintclass = {cs, eess},
  url = {http://arxiv.org/abs/2304.00263},
  urldate = {2023-09-12},
  pubstate = {preprint},
  keywords = {Electrical Engineering and Systems Science - Systems and Control},
  file = {C\:\\Users\\rogierdinkla\\OneDrive - Delft University of Technology\\Desktop\\research papers\\01 - Data Driven\\02 - DeePC\\93_Breschi2023_On_the_impact_of_regularization_in_DDPC.pdf;C\:\\Users\\rogierdinkla\\Zotero\\storage\\XR944TIM\\2304.html}
}

@article{Chiuso2004,
  title = {On the Ill-Conditioning of Subspace Identification with Inputs},
  author = {Chiuso, Alessandro and Picci, Giorgio},
  date = {2004-04-01},
  journaltitle = {Automatica (Journal of IFAC)},
  shortjournal = {Automatica},
  volume = {40},
  number = {4},
  pages = {575--589},
  issn = {0005-1098},
  url = {http://doi.org/10.1016/j.automatica.2003.11.009},
  urldate = {2023-09-26},
  keywords = {Collinearity,Exogenous inputs,Numerical conditioning,Oblique projections,State-space identification,Subspace identification},
  file = {C:\Users\rogierdinkla\OneDrive - Delft University of Technology\Desktop\research papers\01 - Data Driven\03 - Identification\01 - Subspace Identification\97_Chiuso2003_On_the_ill-conditioning_of_SubID_with_inputs.pdf}
}

@article{Chiuso2005,
  title = {Consistency Analysis of Some Closed-Loop Subspace Identification Methods},
  author = {Chiuso, Alessandro and Picci, Giorgio},
  date = {2005-03-01},
  journaltitle = {Automatica},
  shortjournal = {Automatica},
  series = {Data-{{Based Modelling}} and {{System Identification}}},
  volume = {41},
  number = {3},
  pages = {377--391},
  issn = {0005-1098},
  url = {https://www.sciencedirect.com/science/article/pii/S000510980400319X},
  urldate = {2023-12-21},
  keywords = {Exogenous inputs,Statistical analysis,Stochastic realization,Stochastic state-space identification,Subspace identification},
  file = {C\:\\Users\\rogierdinkla\\OneDrive - Delft University of Technology\\Desktop\\research papers\\01 - Data Driven\\03 - Identification\\01 - Subspace Identification\\107_Chiuso2005_Consistency_analysis_of_some_CL_SubID_methods.pdf;C\:\\Users\\rogierdinkla\\Zotero\\storage\\8VPACMVE\\S000510980400319X.html}
}

@article{Chiuso2006,
  title = {Asymptotic Equivalence of Certain Closed Loop Subspace Identification Methods},
  author = {Chiuso, Alessandro},
  date = {2006-01-01},
  journaltitle = {IFAC Proceedings Volumes},
  shortjournal = {IFAC Proceedings Volumes},
  series = {14th {{IFAC Symposium}} on {{Identification}} and {{System Parameter Estimation}}},
  volume = {39},
  number = {1},
  pages = {297--302},
  issn = {1474-6670},
  url = {https://www.sciencedirect.com/science/article/pii/S1474667015352782},
  urldate = {2023-10-20},
  keywords = {Asymptotic Properties,Closed-loop Identification,Subspace Methods,Variance},
  file = {C\:\\Users\\rogierdinkla\\OneDrive - Delft University of Technology\\Desktop\\research papers\\01 - Data Driven\\03 - Identification\\01 - Subspace Identification\\103_Chiuso2006_Asymptotic_equivalence_of_certain_CL_SubID_methods.pdf;C\:\\Users\\rogierdinkla\\Zotero\\storage\\98UE3XYX\\S1474667015352782.html}
}

@article{Chiuso2007,
  title = {The Role of Vector Autoregressive Modeling in Predictor-Based Subspace Identification},
  author = {Chiuso, Alessandro},
  date = {2007-06-01},
  journaltitle = {Automatica},
  shortjournal = {Automatica},
  volume = {43},
  number = {6},
  pages = {1034--1048},
  issn = {0005-1098},
  url = {https://www.sciencedirect.com/science/article/pii/S000510980700057X},
  urldate = {2022-06-09},
  langid = {english},
  keywords = {Asymptotic properties,Closed-loop identification,Relative efficiency,Subspace methods,Variance},
  file = {C\:\\Users\\rogierdinkla\\OneDrive - Delft University of Technology\\Desktop\\SPC\\SPC-papers\\2006Chiuso_TheRoleofVectorAutoregressiveModelinginPBSID.pdf;C\:\\Users\\rogierdinkla\\Zotero\\storage\\FLMHGACC\\S000510980700057X.html}
}

@inproceedings{Coulson2019,
  title = {Data-{{Enabled Predictive Control}}: {{In}} the {{Shallows}} of the {{DeePC}}},
  shorttitle = {Data-{{Enabled Predictive Control}}},
  booktitle = {2019 18th {{European Control Conference}} ({{ECC}})},
  author = {Coulson, Jeremy and Lygeros, John and Dörfler, Florian},
  date = {2019-06},
  pages = {307--312},
  location = {{Naples, Italy}},
  url = {https://ieeexplore.ieee.org/document/8795639/},
  urldate = {2022-05-17},
  eventtitle = {2019 18th {{European Control Conference}} ({{ECC}})},
  isbn = {978-3-907144-00-8},
  langid = {english},
  file = {C:\Users\rogierdinkla\OneDrive - Delft University of Technology\Desktop\SPC\SPC-papers\2019CoulsonJ_DataEnabledPC.pdf}
}

@inproceedings{Coulson2019a,
  title = {Regularized and {{Distributionally Robust Data-Enabled Predictive Control}}},
  booktitle = {2019 {{IEEE}} 58th {{Conference}} on {{Decision}} and {{Control}} ({{CDC}})},
  author = {Coulson, Jeremy and Lygeros, John and Dörfler, Florian},
  date = {2019-12},
  pages = {2696--2701},
  issn = {2576-2370},
  eventtitle = {2019 {{IEEE}} 58th {{Conference}} on {{Decision}} and {{Control}} ({{CDC}})},
  keywords = {Linear programming,Optimization,Prediction algorithms,Predictive control,Robustness,Stochastic processes,Trajectory},
  file = {C\:\\Users\\rogierdinkla\\OneDrive - Delft University of Technology\\Desktop\\research papers\\01 - Data Driven\\02 - DeePC\\91_Coulson2019_Regularized_and_distributionally_robust_DeePC.pdf;C\:\\Users\\rogierdinkla\\Zotero\\storage\\R97ADQJ2\\9028943.html}
}

@article{Creaby2009,
  title = {Maximizing {{Wind Turbine Energy Capture Using Multivariable Extremum Seeking Control}}},
  author = {Creaby, Justin and Li, Yaoyu and Seem, John E.},
  date = {2009-06-01},
  journaltitle = {Wind Engineering},
  shortjournal = {Wind Engineering},
  volume = {33},
  number = {4},
  pages = {361--387},
  publisher = {{SAGE Publications}},
  issn = {0309-524X},
  url = {https://doi.org/10.1260/030952409789685753},
  urldate = {2022-05-30},
  file = {C:\Users\rogierdinkla\Zotero\storage\YV7P866T\Creaby et al. - 2009 - Maximizing Wind Turbine Energy Capture Using Multi.pdf}
}

@article{DePersis2020,
  title = {Formulas for {{Data-Driven Control}}: {{Stabilization}}, {{Optimality}}, and {{Robustness}}},
  shorttitle = {Formulas for {{Data-Driven Control}}},
  author = {De Persis, Claudio and Tesi, Pietro},
  date = {2020-03},
  journaltitle = {IEEE Transactions on Automatic Control},
  volume = {65},
  number = {3},
  pages = {909--924},
  issn = {1558-2523},
  eventtitle = {{{IEEE Transactions}} on {{Automatic Control}}},
  keywords = {Control design,Data models,data-driven control,learning systems,linear matrix inequalities,Linear matrix inequalities,Linear systems,nonlinear control systems,robust control,Robustness,Trajectory},
  file = {C\:\\Users\\rogierdinkla\\OneDrive - Delft University of Technology\\Desktop\\SPC\\SPC-papers\\2020Persis_Formulas_for_Data-Driven_Control_Stabilization_Optimality_and_Robustness.pdf;C\:\\Users\\rogierdinkla\\Zotero\\storage\\TKXCFBUI\\8933093.html}
}

@article{Dinkla2023,
  title = {Closed-Loop {{Aspects}} of {{Data-Enabled Predictive Control}}},
  author = {Dinkla, Rogier and Mulders, Sebastiaan P. and family=Wingerden, given=Jan Willem, prefix=van, useprefix=true and Oomen, Tom},
  date = {2023},
  journaltitle = {IFAC-PapersOnLine},
  shortjournal = {IFAC-PapersOnLine},
  series = {22nd {{IFAC World Congress}}},
  volume = {56},
  number = {2},
  pages = {1388--1393},
  issn = {2405-8963},
  url = {https://www.sciencedirect.com/science/article/pii/S2405896323022152},
  urldate = {2024-01-16},
  keywords = {closed loop identification,Data-driven control,data-enabled predictive control,instrumental variables,subspace predictive control},
  file = {C:\Users\rogierdinkla\Zotero\storage\AEYIWUQQ\S2405896323022152.html}
}

@inproceedings{Dong2008,
  title = {Closed-Loop {{Subspace Predictive Control}} for {{Fault Tolerant MPC Design}}},
  booktitle = {{{IFAC Proceedings Volumes}}},
  author = {Dong, Jianfei and Verhaegen, Michel and Holweg, Edward},
  date = {2008},
  series = {17th {{IFAC World Congress}}},
  volume = {41},
  pages = {3216--3221},
  url = {https://www.sciencedirect.com/science/article/pii/S1474667016394459},
  urldate = {2023-01-27},
  langid = {english},
  file = {C\:\\Users\\rogierdinkla\\OneDrive - Delft University of Technology\\Desktop\\SPC\\SPC-papers\\2008Dong_CLSPCforFaultTolerantMPCdesign.pdf;C\:\\Users\\rogierdinkla\\Zotero\\storage\\8IKB8GA9\\S1474667016394459.html}
}

@article{Dong2009a,
  title = {Cautious {{H2}} Optimal Control Using Uncertain {{Markov}} Parameters Identified in Closed Loop},
  author = {Dong, Jianfei and Verhaegen, Michel},
  date = {2009-05-01},
  journaltitle = {Systems \& Control Letters},
  shortjournal = {Systems \& Control Letters},
  volume = {58},
  number = {5},
  pages = {378--388},
  issn = {0167-6911},
  url = {https://www.sciencedirect.com/science/article/pii/S0167691109000188},
  urldate = {2023-01-27},
  langid = {english},
  keywords = {Bias,Cautiousness,Markov parameters,optimal control,Probabilistic design,Stochastic uncertainty},
  file = {C\:\\Users\\rogierdinkla\\OneDrive - Delft University of Technology\\Desktop\\SPC\\SPC-papers\\2009Verhaegen_CautiousH2OptimalControlUsingUncertainMarkovParametersIdentifiedInCL.pdf;C\:\\Users\\rogierdinkla\\Zotero\\storage\\A3TMRLGI\\S0167691109000188.html}
}

@article{Dong2009b,
  title = {Data {{Driven Fault Tolerant Control}}: {{A Subspace Approach}}},
  shorttitle = {Data {{Driven Fault Tolerant Control}}},
  author = {Dong, J.},
  date = {2009},
  url = {https://repository.tudelft.nl/islandora/object/uuid%3A6bc9a353-adaa-40ef-af76-ad79ea983ee7},
  urldate = {2023-01-27},
  langid = {english},
  file = {C:\Users\rogierdinkla\OneDrive - Delft University of Technology\Desktop\SPC\SPC-papers\2009Dong_DD_FTC_a_Subspace_Approach.pdf}
}

@online{Dorfler2021,
  title = {Bridging Direct \& Indirect Data-Driven Control Formulations via Regularizations and Relaxations},
  author = {Dörfler, Florian and Coulson, Jeremy and Markovsky, Ivan},
  date = {2021-09-13},
  eprint = {2101.01273},
  eprinttype = {arxiv},
  eprintclass = {math},
  url = {http://arxiv.org/abs/2101.01273},
  urldate = {2022-05-17},
  langid = {english},
  pubstate = {preprint},
  keywords = {Mathematics - Optimization and Control},
  file = {C:\Users\rogierdinkla\OneDrive - Delft University of Technology\Desktop\SPC\SPC-papers\2021DorflerF_BridgingDirectIndirectDDControl.pdf}
}

@article{Dorfler2023,
  title = {Bridging {{Direct}} and {{Indirect Data-Driven Control Formulations}} via {{Regularizations}} and {{Relaxations}}},
  author = {Dörfler, Florian and Coulson, Jeremy and Markovsky, Ivan},
  date = {2023-02},
  journaltitle = {IEEE Transactions on Automatic Control},
  volume = {68},
  number = {2},
  pages = {883--897},
  issn = {1558-2523},
  eventtitle = {{{IEEE Transactions}} on {{Automatic Control}}},
  keywords = {Aerospace electronics,Complexity theory,Data models,Linear systems,Optimal control,Optimization,Pareto optimization,Predictive control,system identification,Trajectory},
  file = {C\:\\Users\\rogierdinkla\\OneDrive - Delft University of Technology\\Desktop\\research papers\\01 - Data Driven\\02 - DeePC\\89_Dorfler2023_Bridging_direct_and_indirect_DDC_formulations_via_regularizations_and_relaxations.pdf;C\:\\Users\\rogierdinkla\\Zotero\\storage\\P8CEI8TL\\9705109.html}
}

@article{Dunne2011,
  title = {Adding Feedforward Blade Pitch Control to Standard Feedback Controllers for Load Mitigation in Wind Turbines},
  author = {Dunne, Fiona and Pao, Lucy Y. and Wright, Alan D. and Jonkman, Bonnie and Kelley, Neil},
  date = {2011-06-01},
  journaltitle = {Mechatronics},
  shortjournal = {Mechatronics},
  volume = {21},
  number = {4},
  pages = {682--690},
  issn = {0957-4158},
  url = {https://www.sciencedirect.com/science/article/pii/S0957415811000444},
  urldate = {2023-01-31},
  langid = {english},
  keywords = {Feedback,Feedforward,LIDAR,Model-inverse,Pitch control,Wind turbine},
  file = {C\:\\Users\\rogierdinkla\\OneDrive - Delft University of Technology\\Desktop\\research papers\\02 - WT\\01 - wind speed previewing\\72_Dunne2011_Adding_FF_blade_pitch_control_to_standard_FB_controllers_for_load_mitigation_in_WTs.pdf;C\:\\Users\\rogierdinkla\\Zotero\\storage\\RV8R8ARI\\S0957415811000444.html}
}

@article{Elokda2021,
  title = {Data‐enabled Predictive Control for Quadcopters},
  author = {Elokda, Ezzat and Coulson, Jeremy and Beuchat, Paul and Lygeros, John and Dörfler, Florian},
  date = {2021-07-13},
  journaltitle = {International Journal of Robust and Nonlinear Control},
  shortjournal = {International Journal of Robust and Nonlinear Control},
  volume = {31},
  file = {C:\Users\rogierdinkla\Zotero\storage\JC5E65WE\Elokda et al. - 2021 - Data‐enabled predictive control for quadcopters.pdf}
}

@online{Faulwasser2022,
  title = {Behavioral {{Theory}} for {{Stochastic Systems}}? {{A Data-driven Journey}} from {{Willems}} to {{Wiener}} and {{Back Again}}},
  author = {Faulwasser, Timm and Ou, Ruchuan and Pan, Guanru and Schmitz, Philipp and Worthmann, Karl},
  date = {2022},
  url = {https://urldefense.com/v3/__https://arxiv.org/pdf/2209.06414.pdf__;!!PAKc-5URQlI!8Gfcq3gVK1YgItXxJy4PHTB8Rdh_bBe3DJZU4SLhNH-tX3sfHQdWHYoip1VYchgDsdtxATczA55S_kxAGH28mV0dbw$},
  pubstate = {preprint},
  file = {C:\Users\rogierdinkla\OneDrive - Delft University of Technology\Desktop\SPC\SPC-papers\2022Faulwasser_BehavioralTheoryforStochasticSystems.pdf}
}

@article{Favoreel1999,
  title = {{{SPC}}: {{Subspace Predictive Control}}},
  shorttitle = {{{SPC}}},
  author = {Favoreel, Wouter and De Moor, Bart and Gevers, Michel},
  date = {1999-07},
  journaltitle = {IFAC Proceedings Volumes},
  shortjournal = {IFAC Proceedings Volumes},
  volume = {32},
  number = {2},
  pages = {4004--4009},
  issn = {14746670},
  url = {https://linkinghub.elsevier.com/retrieve/pii/S1474667017566835},
  urldate = {2022-05-17},
  langid = {english},
  file = {C:\Users\rogierdinkla\OneDrive - Delft University of Technology\Desktop\SPC\SPC-papers\1999Favoreel_SubspacePredictiveControl_IFAC.pdf}
}

@inproceedings{Favoreel1999b,
  title = {Closed-{{Loop Model-Free Subspace-Based LQG-Design}}},
  booktitle = {Proceedings of the {{Mediterranean Conference}} on {{Control}} and {{Automation}}},
  author = {Favoreel, Wouter and De Moor, Bart and Gevers, Michel and Van Overschee, Peter},
  date = {1999-01-16},
  file = {C:\Users\rogierdinkla\OneDrive - Delft University of Technology\Desktop\SPC\SPC-papers\1999Favoreel_CL_Model-Free_Subspace-Based_LQG-Design.pdf}
}

@article{Fawcett2022,
  title = {Toward a {{Data-Driven Template Model}} for {{Quadrupedal Locomotion}}},
  author = {Fawcett, Randall T. and Afsari, Kereshmeh and Ames, Aaron D. and Hamed, Kaveh Akbari},
  date = {2022-07},
  journaltitle = {IEEE Robotics and Automation Letters},
  volume = {7},
  number = {3},
  pages = {7636--7643},
  issn = {2377-3766},
  eventtitle = {{{IEEE Robotics}} and {{Automation Letters}}},
  keywords = {Computational modeling,Legged locomotion,Legged robots,Linear systems,motion control,multi-contact whole-body motion planning and control,Predictive control,Quadrupedal robots,Trajectory,Trajectory planning},
  file = {C\:\\Users\\rogierdinkla\\Zotero\\storage\\DTAMYEUP\\Fawcett et al. - 2022 - Toward a Data-Driven Template Model for Quadrupeda.pdf;C\:\\Users\\rogierdinkla\\Zotero\\storage\\LBGI8FHE\\9799758.html}
}

@inproceedings{Fiedler2021,
  title = {On the Relationship between Data-Enabled Predictive Control and Subspace Predictive Control},
  booktitle = {2021 {{European Control Conference}} ({{ECC}})},
  author = {Fiedler, Felix and Lucia, Sergio},
  date = {2021-06},
  pages = {222--229},
  publisher = {{IEEE}},
  location = {{Delft, Netherlands}},
  eventtitle = {2021 {{European Control Conference}} ({{ECC}})},
  keywords = {Computational efficiency,Computational modeling,Data models,Optimal control,Predictive models,Stochastic processes,System identification},
  file = {C\:\\Users\\rogierdinkla\\OneDrive - Delft University of Technology\\Desktop\\SPC\\SPC-papers\\2021Fiedler_OnRelationshipDeePCandSPC.pdf;C\:\\Users\\rogierdinkla\\Zotero\\storage\\FUUADIZ8\\9654975.html}
}

@article{Formentin2014,
  title = {A Comparison of Model-Based and Data-Driven Controller Tuning},
  shorttitle = {A Comparison of Model-Based and Data-Driven Controller Tuning},
  author = {Formentin, Simone and family=Heusden, given=Klaske, prefix=van, useprefix=true and Karimi, Alireza},
  date = {2014-10},
  journaltitle = {International Journal of Adaptive Control and Signal Processing},
  shortjournal = {Int. J. Adapt. Control Signal Process.},
  volume = {28},
  number = {10},
  pages = {882--897},
  issn = {08906327},
  url = {https://onlinelibrary.wiley.com/doi/10.1002/acs.2415},
  urldate = {2023-06-14},
  langid = {english},
  file = {C:\Users\rogierdinkla\Zotero\storage\SZR552IM\Formentin et al. - 2014 - A comparison of model-based and data-driven contro.pdf}
}

@article{Frederik2018,
  title = {Data-Driven Repetitive Control: {{Wind}} Tunnel Experiments under Turbulent Conditions},
  shorttitle = {Data-Driven Repetitive Control},
  author = {Frederik, Joeri and Kröger, Lars and Gülker, Gerd and family=Wingerden, given=Jan Willem, prefix=van, useprefix=true},
  date = {2018-11-01},
  journaltitle = {Control Engineering Practice},
  shortjournal = {Control Engineering Practice},
  volume = {80},
  pages = {105--115},
  issn = {0967-0661},
  url = {https://www.sciencedirect.com/science/article/pii/S0967066118304258},
  urldate = {2022-11-10},
  langid = {english},
  keywords = {Active grid,Data-driven control,Individual pitch control,Load alleviation,Repetitive control,Subspace identification,Wind energy,Wind tunnel experiments},
  file = {C\:\\Users\\rogierdinkla\\Zotero\\storage\\YPC698Y3\\Frederik et al. - 2018 - Data-driven repetitive control Wind tunnel experi.pdf;C\:\\Users\\rogierdinkla\\Zotero\\storage\\JHT3IIIG\\S0967066118304258.html}
}

@article{Gevers2005,
  title = {Identification for {{Control}}: {{From}} the {{Early Achievements}} to the {{Revival}} of {{Experiment Design}}},
  shorttitle = {Identification for {{Control}}},
  author = {Gevers, Michel},
  date = {2005-01-01},
  journaltitle = {European Journal of Control},
  shortjournal = {European Journal of Control},
  volume = {11},
  number = {4},
  pages = {335--352},
  issn = {0947-3580},
  url = {https://www.sciencedirect.com/science/article/pii/S0947358005710414},
  urldate = {2022-11-10},
  langid = {english},
  keywords = {Closed-Loop Identification,Identification for Control},
  file = {C\:\\Users\\rogierdinkla\\Zotero\\storage\\NTP6J4TE\\Gevers - 2005 - Identification for Control From the Early Achieve.pdf;C\:\\Users\\rogierdinkla\\Zotero\\storage\\R8XGEX4I\\S0947358005710414.html}
}

@article{Gilson2005,
  title = {Instrumental Variable Methods for Closed-Loop System Identification},
  author = {Gilson, Marion and family=Hof, given=Paul M. J., prefix=van den, useprefix=true},
  date = {2005},
  journaltitle = {Automatica},
  volume = {41},
  number = {2},
  pages = {241--249},
  file = {C:\Users\rogierdinkla\OneDrive - Delft University of Technology\Desktop\SPC\SPC-papers\2005Hof_IVMethods4CLSysID.pdf}
}

@inproceedings{Haizmann2015,
  title = {Optimization of a Feed-Forward Controller Using a {{CW-lidar}} System on the {{CART3}}},
  booktitle = {2015 {{American Control Conference}} ({{ACC}})},
  author = {Haizmann, Florian and Schlipf, David and Raach, Steffen and Scholbrock, Andrew and Wright, Alan and Slinger, Chris and Medley, John and Harris, Michael and Bossanyi, Ervin and Cheng, Po Wen},
  date = {2015-07},
  pages = {3715--3720},
  issn = {2378-5861},
  eventtitle = {2015 {{American Control Conference}} ({{ACC}})},
  keywords = {Correlation,Laser radar,Optimization,Transfer functions,Wind speed,Wind turbines},
  file = {C\:\\Users\\rogierdinkla\\OneDrive - Delft University of Technology\\Desktop\\research papers\\02 - WT\\01 - wind speed previewing\\01 - experimental validation\\02 - full size\\59_Haizmann2015_Optimization_of_a_FF_controller_using_a_CW-lidar_system_on_the_CART3.pdf;C\:\\Users\\rogierdinkla\\Zotero\\storage\\R69S7QDG\\7171907.html}
}

@article{Hallouzi2008,
  title = {Persistency of Excitation in Subspace Predictive Control},
  author = {Hallouzi, R. and Verhaegen, M.},
  date = {2008},
  journaltitle = {IFAC Proceedings Volumes},
  shortjournal = {IFAC Proceedings Volumes},
  volume = {41},
  number = {2},
  pages = {11439--11444},
  issn = {14746670},
  url = {https://linkinghub.elsevier.com/retrieve/pii/S1474667016408062},
  urldate = {2022-05-17},
  langid = {english},
  file = {C:\Users\rogierdinkla\OneDrive - Delft University of Technology\Desktop\SPC\SPC-papers\2008Hallouzi_PersOfExcitationInSPC.pdf}
}

@incollection{Hallouzi2010,
  title = {Subspace {{Predictive Control Applied}} to {{Fault-Tolerant Control}}},
  booktitle = {Fault {{Tolerant Flight Control}}: {{A Benchmark Challenge}}},
  author = {Hallouzi, Redouane and Verhaegen, Michel},
  editor = {Edwards, Christopher and Lombaerts, Thomas and Smaili, Hafid},
  date = {2010},
  series = {Lecture {{Notes}} in {{Control}} and {{Information Sciences}}},
  pages = {293--317},
  publisher = {{Springer}},
  location = {{Berlin, Heidelberg}},
  url = {https://doi.org/10.1007/978-3-642-11690-2_10},
  urldate = {2022-11-10},
  isbn = {978-3-642-11690-2},
  langid = {english},
  keywords = {Fault Condition,Fault Injection,Model Predictive Control,Pitch Angle,Roll Angle},
  file = {C:\Users\rogierdinkla\Zotero\storage\G4QQH55D\Hallouzi and Verhaegen - 2010 - Subspace Predictive Control Applied to Fault-Toler.pdf}
}

@report{Harris2006,
  title = {Lidar for {{Turbine Control}}: {{March}} 1, 2005 - {{November}} 30, 2005},
  shorttitle = {Lidar for {{Turbine Control}}},
  author = {Harris, M. and Hand, M. and Wright, A.},
  date = {2006-01-01},
  number = {NREL/TP-500-39154, 881478},
  pages = {NREL/TP-500-39154, 881478},
  url = {http://www.osti.gov/servlets/purl/881478-4OC9A0/},
  urldate = {2023-01-26},
  langid = {english},
  file = {C:\Users\rogierdinkla\OneDrive - Delft University of Technology\Desktop\research papers\02 - WT\01 - wind speed previewing\57_Harris2006_Lidar_for_Turbine_Control.pdf}
}

@inproceedings{Hjalmarsson1993,
  title = {A Discussion of "Unknown-but-Bounded" Disturbances in System Identification},
  booktitle = {Proceedings of 32nd {{IEEE Conference}} on {{Decision}} and {{Control}}},
  author = {Hjalmarsson, H. and Ljung, L.},
  date = {1993-12},
  pages = {535-536 vol.1},
  url = {http://ieeexplore.ieee.org/document/325090},
  urldate = {2023-10-03},
  eventtitle = {Proceedings of 32nd {{IEEE Conference}} on {{Decision}} and {{Control}}},
  file = {C\:\\Users\\rogierdinkla\\OneDrive - Delft University of Technology\\Desktop\\research papers\\99_Hjalmarsson1993_A_discussion_of_unknown_but_bounded_disturbances_in_SysID.pdf;C\:\\Users\\rogierdinkla\\Zotero\\storage\\ZQC4B3VJ\\325090.html}
}

@article{Hjalmarsson2005,
  title = {From Experiment Design to Closed-Loop Control},
  author = {Hjalmarsson, Håkan},
  date = {2005-03-01},
  journaltitle = {Automatica},
  shortjournal = {Automatica},
  series = {Data-{{Based Modelling}} and {{System Identification}}},
  volume = {41},
  number = {3},
  pages = {393--438},
  issn = {0005-1098},
  url = {https://www.sciencedirect.com/science/article/pii/S0005109804003346},
  urldate = {2022-11-10},
  langid = {english},
  keywords = {Experiment design,Identification for control,Model validation,Statistical analysis},
  file = {C\:\\Users\\rogierdinkla\\Zotero\\storage\\S76SVTQI\\Hjalmarsson - 2005 - From experiment design to closed-loop control.pdf;C\:\\Users\\rogierdinkla\\Zotero\\storage\\96SVYKHV\\S0005109804003346.html}
}

@article{Hou2013,
  title = {From Model-Based Control to Data-Driven Control: {{Survey}}, Classification and Perspective},
  shorttitle = {From Model-Based Control to Data-Driven Control},
  author = {Hou, Zhong-Sheng and Wang, Zhuo},
  date = {2013-06},
  journaltitle = {Information Sciences},
  shortjournal = {Information Sciences},
  volume = {235},
  pages = {3--35},
  issn = {00200255},
  url = {https://linkinghub.elsevier.com/retrieve/pii/S0020025512004781},
  urldate = {2022-05-17},
  langid = {english},
  file = {C:\Users\rogierdinkla\OneDrive - Delft University of Technology\Desktop\SPC\SPC-papers\2013HouZS_ModelBasedToDDCASurvey.pdf}
}

@thesis{Houtzager2011,
  title = {Towards {{Data-Driven Control}} for {{Modern Wind Turbines}}},
  author = {Houtzager, I.},
  date = {2011},
  url = {https://repository.tudelft.nl/islandora/object/uuid%3A297ca587-b291-43cb-a5f7-bb89e34d0cf8},
  urldate = {2023-01-27},
  langid = {english},
  file = {C:\Users\rogierdinkla\OneDrive - Delft University of Technology\Desktop\research papers\02 - WT\04 - data driven\64_Houtzager2011_Towards_DDC_for_modern_WTs.pdf}
}

@article{Houtzager2012,
  title = {Recursive {{Predictor-Based Subspace Identification With Application}} to the {{Real-Time Closed-Loop Tracking}} of {{Flutter}}},
  author = {Houtzager, Ivo and family=Wingerden, given=Jan Willem, prefix=van, useprefix=true and Verhaegen, Michel},
  date = {2012-07},
  journaltitle = {IEEE Transactions on Control Systems Technology},
  volume = {20},
  number = {4},
  pages = {934--949},
  issn = {1558-0865},
  eventtitle = {{{IEEE Transactions}} on {{Control Systems Technology}}},
  keywords = {Adaptive tracking,closed loop,Estimation,flutter detection,Least squares approximation,Markov processes,Noise,Prediction algorithms,real time,Real time systems,recursive identification,subspace identification},
  file = {C\:\\Users\\rogierdinkla\\OneDrive - Delft University of Technology\\Desktop\\SPC\\SPC-papers\\2012Houtzager_RecursivePBSIDwithApplication2RealTimeCLTrackingofFlutter.pdf;C\:\\Users\\rogierdinkla\\Zotero\\storage\\NT3MI7N7\\5929494.html}
}

@book{Huang2008,
  title = {Dynamic {{Modeling}}, {{Predictive Control}} and {{Performance Monitoring}}: {{A Data-driven Subspace Approach}}},
  shorttitle = {Dynamic {{Modeling}}, {{Predictive Control}} and {{Performance Monitoring}}},
  author = {Huang, Biao and Kadali, Ramesh},
  date = {2008-01-01},
  volume = {374},
  publisher = {{Springer}},
  isbn = {978-1-84800-232-6},
  file = {C\:\\Users\\rogierdinkla\\OneDrive - Delft University of Technology\\Desktop\\SPC\\SPC-papers\\2008Huang_DynamicModellingPredictiveControlAndPerformanceMonitoring-A_DD_Subspace_Approach.pdf;C\:\\Users\\rogierdinkla\\Zotero\\storage\\T2WUDBKN\\Huang and Kadali - 2008 - Dynamic Modeling, Predictive Control and Performan.pdf}
}

@article{Huang2023,
  title = {Robust {{Data-Enabled Predictive Control}}: {{Tractable Formulations}} and {{Performance Guarantees}}},
  shorttitle = {Robust {{Data-Enabled Predictive Control}}},
  author = {Huang, Linbin and Zhen, Jianzhe and Lygeros, John and Dörfler, Florian},
  date = {2023-05},
  journaltitle = {IEEE Transactions on Automatic Control},
  volume = {68},
  number = {5},
  pages = {3163--3170},
  issn = {1558-2523},
  eventtitle = {{{IEEE Transactions}} on {{Automatic Control}}},
  keywords = {Behavioral sciences,Data-driven control,Noise measurement,Optimal control,Optimization,predictive control,Predictive control,regularization,robust control,robust optimization,Trajectory,Uncertainty},
  file = {C\:\\Users\\rogierdinkla\\OneDrive - Delft University of Technology\\Desktop\\research papers\\01 - Data Driven\\02 - DeePC\\92_Huang2023_Robust_DeePC_tractable_formulations_and_performance_guarantees.pdf;C\:\\Users\\rogierdinkla\\Zotero\\storage\\X8AHFMKM\\10034855.html}
}

@book{Jansson2003,
  title = {Subspace Identification and {{ARX}} Modeling},
  author = {Jansson, Magnus},
  date = {2003-01-01},
  pages = {1630},
  pagetotal = {1625}
}

@inproceedings{Jansson2003a,
  title = {Subspace {{Identification}} and {{ARX Modeling}}},
  booktitle = {{{IFAC Proceedings Volumes}}},
  author = {Jansson, Magnus},
  date = {2003},
  volume = {36},
  pages = {1585--1590},
  location = {{Rotterdam}},
  eventtitle = {{{IFAC System Identification}}},
  file = {C:\Users\rogierdinkla\Desktop\SPC\SPC-papers\2003Jansson_SubIDAndARXModeling.pdf}
}

@online{Jo2022,
  title = {Data-Driven {{Output-feedback Predictive Control}}: {{Unknown Plant}}'s {{Order}} and {{Measurement Noise}}},
  shorttitle = {Data-Driven {{Output-feedback Predictive Control}}},
  author = {Jo, Nam H. and Shim, Hyungbo},
  date = {2022-01-09},
  eprint = {2201.03136},
  eprinttype = {arxiv},
  eprintclass = {cs, eess},
  url = {http://arxiv.org/abs/2201.03136},
  urldate = {2022-05-17},
  langid = {english},
  pubstate = {preprint},
  keywords = {Electrical Engineering and Systems Science - Systems and Control},
  file = {C:\Users\rogierdinkla\OneDrive - Delft University of Technology\Desktop\SPC\SPC-papers\2022JoN_DDOutputDDCUnknownPlantOrderMeasNoiseD2PC.pdf}
}

@report{Jonkman2009,
  title = {Definition of a 5-{{MW Reference Wind Turbine}} for {{Offshore System Development}}},
  author = {Jonkman, J. and Butterfield, S. and Musial, W. and Scott, G.},
  date = {2009-02-01},
  number = {NREL/TP-500-38060, 947422},
  pages = {NREL/TP-500-38060, 947422},
  url = {http://www.osti.gov/servlets/purl/947422-nhrlni/},
  urldate = {2023-01-23},
  langid = {english},
  file = {C:\Users\rogierdinkla\Zotero\storage\9QTDWMUS\Jonkman et al. - 2009 - Definition of a 5-MW Reference Wind Turbine for Of.pdf}
}

@article{Kadali2003,
  title = {A Data Driven Subspace Approach to Predictive Controller Design},
  author = {Kadali, Ramesh and Huang, Biao and Rossiter, Anthony},
  date = {2003-03-01},
  journaltitle = {Control Engineering Practice},
  shortjournal = {Control Engineering Practice},
  series = {Advances in {{Automotive Control}}},
  volume = {11},
  number = {3},
  pages = {261--278},
  issn = {0967-0661},
  url = {https://www.sciencedirect.com/science/article/pii/S0967066102001120},
  urldate = {2023-01-25},
  langid = {english},
  keywords = {Constraint handling,Data driven approach,Feedforward control,Generalized predictive control,Model free,Model predictive control,Noise model,Subspace identification,Subspace matrices},
  file = {C\:\\Users\\rogierdinkla\\OneDrive - Delft University of Technology\\Desktop\\SPC\\SPC-papers\\2003Kadali_ADDSubspaceApproachToPredictiveControllerDesign.pdf;C\:\\Users\\rogierdinkla\\Zotero\\storage\\GZ6S9876\\Kadali et al. - 2003 - A data driven subspace approach to predictive cont.pdf;C\:\\Users\\rogierdinkla\\Zotero\\storage\\PCCCXUNZ\\S0967066102001120.html}
}

@book{Kailath1980,
  title = {Linear Systems},
  author = {Kailath, Thomas},
  date = {1980},
  series = {Prentice-{{Hall}} Information and System Sciences Series},
  publisher = {{Prentice-Hall}},
  location = {{Englewood Cliffs, N.J.}},
  url = {http://www3.ub.tu-berlin.de/ihv/000871695.pdf},
  urldate = {2023-09-22},
  isbn = {978-0-13-536961-6},
  langid = {english},
  pagetotal = {xxi, 682}
}

@article{Katayama1999,
  title = {Realization of Stochastic Systems with Exogenous Inputs and Subspace Identification Methods},
  author = {Katayama, Tohru and Picci, Giorgio},
  date = {1999-10-01},
  journaltitle = {Automatica},
  shortjournal = {Automatica},
  volume = {35},
  number = {10},
  pages = {1635--1652},
  issn = {0005-1098},
  url = {https://www.sciencedirect.com/science/article/pii/S0005109899000722},
  urldate = {2023-10-10},
  keywords = {Canonical correlation analysis,Exogenous inputs,Oblique projection,Stochastic realization,Subspace identification},
  file = {C\:\\Users\\rogierdinkla\\OneDrive - Delft University of Technology\\Desktop\\research papers\\01 - Data Driven\\03 - Identification\\01 - Subspace Identification\\101_Katayama1999_Realization_of_stochastic_systems_with_exogenous_inputs_and_SubID_methods.pdf;C\:\\Users\\rogierdinkla\\Zotero\\storage\\TGCR8H4Z\\S0005109899000722.html}
}

@inproceedings{Khaniki2018,
  title = {A {{Comparison Between LIDAR-Based Feedforward}} and {{DAC}} for {{Control}} of {{Wind Turbines}}},
  booktitle = {2018 {{IEEE Conference}} on {{Control Technology}} and {{Applications}} ({{CCTA}})},
  author = {Khaniki, Mohammad Salari and Schlipf, David and Cheng, Po Wen},
  date = {2018-08},
  pages = {1650--1655},
  eventtitle = {2018 {{IEEE Conference}} on {{Control Technology}} and {{Applications}} ({{CCTA}})},
  keywords = {Aerodynamics,Feedforward systems,Laser radar,Poles and towers,Rotors,Wind speed,Wind turbines},
  file = {C\:\\Users\\rogierdinkla\\OneDrive - Delft University of Technology\\Desktop\\research papers\\02 - WT\\01 - wind speed previewing\\56_Khaniki2018_A_comparison_between_LIDAR-based_FF_and_DAC_for_control_of_WTs.pdf;C\:\\Users\\rogierdinkla\\Zotero\\storage\\66GHXCU2\\stamp.html}
}

@article{Knudsen2001,
  title = {Consistency Analysis of Subspace Identification Methods Based on a Linear Regression Approach},
  author = {Knudsen, Torben},
  date = {2001-01-01},
  journaltitle = {Automatica},
  shortjournal = {Automatica},
  volume = {37},
  number = {1},
  pages = {81--89},
  issn = {0005-1098},
  url = {https://www.sciencedirect.com/science/article/pii/S0005109800001254},
  urldate = {2022-06-09},
  langid = {english},
  keywords = {Consistency,Least-squares methods,Linear multivariable systems,Parameter estimation,State space models,Subspace methods},
  file = {C\:\\Users\\rogierdinkla\\OneDrive - Delft University of Technology\\Desktop\\SPC\\SPC-papers\\2000Knudsen_ConsistencyAnalysisofSubIDMethodsBasedonLinearRegressionApproach.pdf;C\:\\Users\\rogierdinkla\\Zotero\\storage\\T5RS2KUN\\S0005109800001254.html}
}

@inproceedings{Laks2009,
  title = {Control of Wind Turbines: {{Past}}, Present, and Future},
  shorttitle = {Control of Wind Turbines},
  booktitle = {2009 {{American Control Conference}}},
  author = {Laks, Jason H. and Pao, Lucy Y. and Wright, Alan D.},
  date = {2009-06},
  pages = {2096--2103},
  issn = {2378-5861},
  eventtitle = {2009 {{American Control Conference}}},
  keywords = {Actuators,Blades,Control systems,Electric variables control,MIMO,Power engineering and energy,Torque control,Velocity control,Wind energy,Wind turbines},
  file = {C\:\\Users\\rogierdinkla\\OneDrive - Delft University of Technology\\Desktop\\research papers\\02 - WT\\71_Laks2009_Control_of_WTs_Past_Present_Future.pdf;C\:\\Users\\rogierdinkla\\Zotero\\storage\\HAC4XBQA\\5160590.html}
}

@article{Lamnabhi-Lagarrigue2017,
  title = {Systems \& {{Control}} for the Future of Humanity, Research Agenda: {{Current}} and Future Roles, Impact and Grand Challenges},
  shorttitle = {Systems \& {{Control}} for the Future of Humanity, Research Agenda},
  author = {Lamnabhi-Lagarrigue, Francoise and Annaswamy, Anuradha and Engell, Sebastian and Isaksson, Alf and Khargonekar, Pramod and Murray, Richard M. and Nijmeijer, Henk and Samad, Tariq and Tilbury, Dawn and Van den Hof, Paul},
  date = {2017-01-01},
  journaltitle = {Annual Reviews in Control},
  shortjournal = {Annual Reviews in Control},
  volume = {43},
  pages = {1--64},
  issn = {1367-5788},
  url = {https://www.sciencedirect.com/science/article/pii/S1367578817300573},
  urldate = {2022-11-10},
  langid = {english},
  keywords = {Critical societal challenges,Research challenges,Systems \& Control},
  file = {C\:\\Users\\rogierdinkla\\Zotero\\storage\\DGBC4HB3\\Lamnabhi-Lagarrigue et al. - 2017 - Systems & Control for the future of humanity, rese.pdf;C\:\\Users\\rogierdinkla\\Zotero\\storage\\D3LLXGRQ\\S1367578817300573.html}
}

@inproceedings{Lian2021,
  title = {From {{System Level Synthesis}} to {{Robust Closed-loop Data-Enabled Predictive Control}}},
  booktitle = {2021 60th {{IEEE Conference}} on {{Decision}} and {{Control}} ({{CDC}})},
  author = {Lian, Yingzhao and Jones, Colin N.},
  date = {2021-12-14},
  pages = {1478--1483},
  publisher = {{IEEE}},
  location = {{Austin, TX, USA}},
  url = {https://ieeexplore.ieee.org/document/9683429/},
  urldate = {2022-05-17},
  eventtitle = {2021 60th {{IEEE Conference}} on {{Decision}} and {{Control}} ({{CDC}})},
  isbn = {978-1-66543-659-5},
  langid = {english},
  file = {C:\Users\rogierdinkla\OneDrive - Delft University of Technology\Desktop\SPC\SPC-papers\2021LianY_SystemLeveltoRobustCLDeePC.pdf}
}

@online{Lian2021a,
  title = {Adaptive {{Robust Data-driven Building Control}} via {{Bi-level Reformulation}}: An {{Experimental Result}}},
  shorttitle = {Adaptive {{Robust Data-driven Building Control}} via {{Bi-level Reformulation}}},
  author = {Lian, Yingzhao and Shi, Jicheng and Koch, Manuel and Jones, Colin Neil},
  date = {2021-11-27},
  eprint = {2106.05740},
  eprinttype = {arxiv},
  eprintclass = {cs, eess},
  url = {http://arxiv.org/abs/2106.05740},
  urldate = {2022-11-10},
  pubstate = {preprint},
  keywords = {Electrical Engineering and Systems Science - Systems and Control},
  file = {C\:\\Users\\rogierdinkla\\Zotero\\storage\\MEVA3NNM\\Lian et al. - 2021 - Adaptive Robust Data-driven Building Control via B.pdf;C\:\\Users\\rogierdinkla\\Zotero\\storage\\97FB7T38\\2106.html}
}

@inproceedings{Lio2014,
  title = {A Review on Applications of Model Predictive Control to Wind Turbines},
  booktitle = {2014 {{UKACC International Conference}} on {{Control}} ({{CONTROL}})},
  author = {Lio, Wai Hou and Rossiter, J.A. and Jones, Bryn L.},
  date = {2014-07},
  pages = {673--678},
  eventtitle = {2014 {{UKACC International Conference}} on {{Control}} ({{CONTROL}})},
  keywords = {Blades,Computational modeling,Generators,model predictive control,Poles and towers,Rotors,Wind speed,wind turbine,Wind turbines},
  file = {C\:\\Users\\rogierdinkla\\OneDrive - Delft University of Technology\\Desktop\\research papers\\02 - WT\\02 - MPC\\54_Lio2014_A_Review_on_Applications_of_MPC_to_WTs.pdf;C\:\\Users\\rogierdinkla\\Zotero\\storage\\CSG4L4QI\\stamp.html}
}

@inproceedings{Liu2021,
  title = {Periodic {{Load Rejection}} for {{Floating Offshore Wind Turbines}} via {{Constrained Subspace Predictive Repetitive Control}}},
  booktitle = {2021 {{American Control Conference}} ({{ACC}})},
  author = {Liu, Yichao and Ferrari, Riccardo M.G. and family=Wingerden, given=Jan Willem, prefix=van, useprefix=true},
  date = {2021-05},
  pages = {539--544},
  issn = {2378-5861},
  eventtitle = {2021 {{American Control Conference}} ({{ACC}})},
  keywords = {Actuators,Blades,Optimal control,Safety,Shape,Wind farms,Wind turbines},
  file = {C\:\\Users\\rogierdinkla\\OneDrive - Delft University of Technology\\Desktop\\research papers\\02 - WT\\04 - data driven\\01 - SPRC\\70_Liu2021_Periodic_load_rejection_for_FOWTs_via_cSPRC.pdf;C\:\\Users\\rogierdinkla\\Zotero\\storage\\XCRQJWC2\\9483333.html}
}

@article{Liu2022,
  title = {Load Reduction for Wind Turbines: An Output-Constrained, Subspace Predictive Repetitive Control Approach},
  shorttitle = {Load Reduction for Wind Turbines},
  author = {Liu, Yichao and Ferrari, Riccardo and family=Wingerden, given=Jan Willem, prefix=van, useprefix=true},
  date = {2022-03-11},
  journaltitle = {Wind Energy Science},
  volume = {7},
  number = {2},
  pages = {523--537},
  publisher = {{Copernicus GmbH}},
  issn = {2366-7443},
  url = {https://wes.copernicus.org/articles/7/523/2022/},
  urldate = {2023-01-30},
  langid = {english},
  file = {C:\Users\rogierdinkla\OneDrive - Delft University of Technology\Desktop\research papers\02 - WT\04 - data driven\01 - SPRC\69_Liu2022_Load_reduction_for_WTs_an_output-cSPRC_approach.pdf}
}

@article{Ljung1987,
  title = {System {{Identification}}, {{Theory}} for the {{User}}, {{Information}} and {{System Science Series}}},
  author = {Ljung, L.},
  date = {1987},
  journaltitle = {Englewood Cliffs},
  publisher = {{Prentice-Hall}},
  url = {https://cir.nii.ac.jp/crid/1573105974041966848},
  urldate = {2022-06-17},
  file = {C:\Users\rogierdinkla\Zotero\storage\89ZLLE9D\1573105974041966848.html}
}

@article{Ljung1996,
  title = {Subspace Identification from Closed Loop Data},
  author = {Ljung, Lennart and McKelvey, Tomas},
  date = {1996-07-01},
  journaltitle = {Signal Processing},
  shortjournal = {Signal Processing},
  series = {Subspace {{Methods}}, {{Part II}}: {{System Identification}}},
  volume = {52},
  number = {2},
  pages = {209--215},
  issn = {0165-1684},
  url = {https://www.sciencedirect.com/science/article/pii/0165168496000540},
  urldate = {2022-10-25},
  langid = {english},
  keywords = {Closed-loop identification,State-space modeling,Subspace methods},
  file = {C\:\\Users\\rogierdinkla\\OneDrive - Delft University of Technology\\Desktop\\SPC\\SPC-papers\\1996Ljung_SubIDfromCLData.pdf;C\:\\Users\\rogierdinkla\\Zotero\\storage\\7KJSLZF5\\Ljung and McKelvey - 1996 - Subspace identification from closed loop data.pdf;C\:\\Users\\rogierdinkla\\Zotero\\storage\\TYJCAA4C\\0165168496000540.html}
}

@book{Ljung1999,
  title = {System {{Identification}}: {{Theory}} for the {{User}}},
  author = {Ljung, Lennart},
  date = {1999},
  edition = {2},
  publisher = {{Prentice Hall}},
  isbn = {0-13-656695-2}
}

@article{Mahdavipour2022,
  title = {Optimal {{Control}} of {{Combined-Cycle Power Plants}}: {{A Data-Enabled Predictive Control Perspective}}},
  shorttitle = {Optimal {{Control}} of {{Combined-Cycle Power Plants}}},
  author = {Mahdavipour, Pouya and Wieland, Christoph and Spliethoff, Hartmut},
  date = {2022-01-01},
  journaltitle = {IFAC-PapersOnLine},
  shortjournal = {IFAC-PapersOnLine},
  series = {9th {{IFAC Conference}} on {{Networked Systems NECSYS}} 2022},
  volume = {55},
  number = {13},
  pages = {91--96},
  issn = {2405-8963},
  url = {https://www.sciencedirect.com/science/article/pii/S2405896322006310},
  urldate = {2022-11-10},
  langid = {english},
  keywords = {Data-Enabled Predictive Control,Flexibility,Frequency Control,Load Cycling,Power Networks,Power Plant Control},
  file = {C\:\\Users\\rogierdinkla\\Zotero\\storage\\MA2GSSYV\\Mahdavipour et al. - 2022 - Optimal Control of Combined-Cycle Power Plants A .pdf;C\:\\Users\\rogierdinkla\\Zotero\\storage\\6C6LNE64\\S2405896322006310.html}
}

@article{Markovsky2005,
  title = {Algorithms for Deterministic Balanced Subspace Identification},
  author = {Markovsky, Ivan and Willems, Jan C. and Rapisarda, Paolo and De Moor, Bart L.M.},
  date = {2005-05},
  journaltitle = {Automatica},
  shortjournal = {Automatica},
  volume = {41},
  number = {5},
  pages = {755--766},
  issn = {00051098},
  url = {https://linkinghub.elsevier.com/retrieve/pii/S0005109804003036},
  urldate = {2022-05-17},
  langid = {english},
  keywords = {balanced realization},
  file = {C:\Users\rogierdinkla\Desktop\SPC\SPC-papers\2005MarkovskyI_AlgforDeterminicticBalancedSubID.pdf}
}

@article{Markovsky2008,
  title = {Data-Driven Simulation and Control},
  author = {Markovsky, Ivan and Rapisarda, Paolo},
  date = {2008-12-01},
  journaltitle = {International Journal of Control},
  volume = {81},
  number = {12},
  pages = {1946--1959},
  publisher = {{Taylor \& Francis}},
  issn = {0020-7179},
  url = {https://doi.org/10.1080/00207170801942170},
  urldate = {2023-09-04},
  keywords = {data-driven control,linear quadratic tracking,output matching,simulation,system identification},
  file = {C\:\\Users\\rogierdinkla\\OneDrive - Delft University of Technology\\Desktop\\research papers\\01 - Data Driven\\86_Markovsky2008_Data_driven_simulation_and_control.pdf;C\:\\Users\\rogierdinkla\\Zotero\\storage\\K2LBP43L\\Markovsky and Rapisarda - 2008 - Data-driven simulation and control.pdf}
}

@article{Markovsky2021,
  title = {Behavioral Systems Theory in Data-Driven Analysis, Signal Processing, and Control},
  author = {Markovsky, Ivan and Dörfler, Florian},
  date = {2021-01-01},
  journaltitle = {Annual Reviews in Control},
  shortjournal = {Annual Reviews in Control},
  volume = {52},
  pages = {42--64},
  issn = {1367-5788},
  url = {https://www.sciencedirect.com/science/article/pii/S1367578821000754},
  urldate = {2023-09-12},
  keywords = {Behavioral systems theory,Data-driven control,Missing data estimation,System identification},
  file = {C\:\\Users\\rogierdinkla\\OneDrive - Delft University of Technology\\Desktop\\research papers\\01 - Data Driven\\01 - Behavioural Systems Theory\\88_Markovsky2021_Behavioural_systems_theory_in_DD_analysis_signal_processing_and_control.pdf;C\:\\Users\\rogierdinkla\\Zotero\\storage\\LRX9VEFL\\S1367578821000754.html}
}

@article{Markovsky2022,
  title = {Data-Driven Control Based on Behavioral Approach: From Theory to Applications in Power Systems},
  author = {Markovsky, Ivan and Huang, Linbin and Dörfler, Florian},
  date = {2022},
  journaltitle = {IEEE Control Systems},
  file = {C:\Users\rogierdinkla\OneDrive - Delft University of Technology\Desktop\SPC\SPC-papers\2022MarkovskyI_DataDrivenControlBasedOnBehavioralApproachFromTheoryToApplicationsInPowerSystems.pdf}
}

@article{Markovsky2023,
  title = {Data-{{Driven Control Based}} on the {{Behavioral Approach}}: {{From Theory}} to {{Applications}} in {{Power Systems}}},
  shorttitle = {Data-{{Driven Control Based}} on the {{Behavioral Approach}}},
  author = {Markovsky, Ivan and Huang, Linbin and Dörfler, Florian},
  date = {2023},
  journaltitle = {IEEE Control Systems Magazine},
  volume = {43},
  number = {5},
  pages = {28--68},
  issn = {1941-000X},
  url = {https://ieeexplore.ieee.org/document/10266847},
  urldate = {2024-01-22},
  eventtitle = {{{IEEE Control Systems Magazine}}},
  file = {C\:\\Users\\rogierdinkla\\Zotero\\storage\\BA3Y44IY\\Markovsky et al. - 2023 - Data-Driven Control Based on the Behavioral Approa.pdf;C\:\\Users\\rogierdinkla\\Zotero\\storage\\NJHWKQFX\\10266847.html}
}

@article{Menezes2018,
  title = {A Review on Wind Turbine Control and Its Associated Methods},
  author = {Menezes, Eduardo José Novaes and Araújo, Alex Maurício and Bouchonneau da Silva, Nadège Sophie},
  date = {2018-02-10},
  journaltitle = {Journal of Cleaner Production},
  shortjournal = {Journal of Cleaner Production},
  volume = {174},
  pages = {945--953},
  issn = {0959-6526},
  url = {https://www.sciencedirect.com/science/article/pii/S0959652617326021},
  urldate = {2023-01-26},
  langid = {english},
  keywords = {Control,Grid integration,MPPT strategies,Pitch control,Wind turbine},
  file = {C\:\\Users\\rogierdinkla\\OneDrive - Delft University of Technology\\Desktop\\research papers\\02 - WT\\58_Menezes2018_A_review_on_WT_control_and_its_associated_methods.pdf;C\:\\Users\\rogierdinkla\\Zotero\\storage\\QGEUS3C3\\S0959652617326021.html}
}

@thesis{Molenaar2003,
  title = {Cost-Effective Design and Operation of Variable Speed Wind Turbines},
  author = {Molenaar, D. P.},
  date = {2003},
  institution = {{Delft University Press}},
  url = {https://repository.tudelft.nl/islandora/object/uuid%3Af1d1bec2-1064-4ab6-87b4-fc78779d6404},
  urldate = {2023-01-27},
  langid = {english},
  file = {C:\Users\rogierdinkla\OneDrive - Delft University of Technology\Desktop\research papers\02 - WT\05 - design\66_Molenaar2003_Cost-effective_design_and_operation_of_VS_WTs.pdf}
}

@article{Mooren2022,
  title = {Gaussian Process Repetitive Control: {{Beyond}} Periodic Internal Models through Kernels},
  shorttitle = {Gaussian Process Repetitive Control},
  author = {Mooren, Noud and Witvoet, Gert and Oomen, Tom},
  date = {2022-06-01},
  journaltitle = {Automatica},
  shortjournal = {Automatica},
  volume = {140},
  pages = {110273},
  issn = {0005-1098},
  url = {https://www.sciencedirect.com/science/article/pii/S0005109822001182},
  urldate = {2023-02-02},
  langid = {english},
  keywords = {Disturbance rejection,Gaussian processes,Internal model control,Repetitive control},
  file = {C\:\\Users\\rogierdinkla\\OneDrive - Delft University of Technology\\Desktop\\research papers\\04 - Repetitive Control\\74_Mooren2022_GPRC_beyond_periodic_internal_models_through_kernels .pdf;C\:\\Users\\rogierdinkla\\Zotero\\storage\\FJ7BHGWK\\S0005109822001182.html}
}

@article{Navalkar2014,
  title = {Subspace Predictive Repetitive Control to Mitigate Periodic Loads on Large Scale Wind Turbines},
  author = {Navalkar, S. T. and family=Wingerden, given=J. W., prefix=van, useprefix=true and family=Solingen, given=E., prefix=van, useprefix=true and Oomen, T. and Pasterkamp, E. and family=Kuik, given=G. A. M., prefix=van, useprefix=true},
  date = {2014-12-01},
  journaltitle = {Mechatronics},
  shortjournal = {Mechatronics},
  volume = {24},
  number = {8},
  pages = {916--925},
  issn = {0957-4158},
  url = {https://www.sciencedirect.com/science/article/pii/S0957415814000063},
  urldate = {2023-01-27},
  langid = {english},
  keywords = {IPC,Repetitive control,Subspace predictive control,System identification,Wind turbine vibration control},
  file = {C\:\\Users\\rogierdinkla\\OneDrive - Delft University of Technology\\Desktop\\research papers\\02 - WT\\04 - data driven\\01 - SPRC\\68_Navalkar2014_SPRC_to_mitigate_periodic_loads_on_large_scale_WTs.pdf;C\:\\Users\\rogierdinkla\\Zotero\\storage\\H5JLHJZR\\S0957415814000063.html}
}

@thesis{Navalkar2016,
  title = {Iterative Data-Driven Load Control for Flexible Wind Turbine Rotors},
  author = {Navalkar, S. T.},
  date = {2016},
  url = {https://repository.tudelft.nl/islandora/object/uuid%3Acf1e2110-0ce7-4cc1-956b-f221d5f7b605},
  urldate = {2023-01-27},
  langid = {english},
  file = {C:\Users\rogierdinkla\OneDrive - Delft University of Technology\Desktop\research papers\02 - WT\04 - data driven\65_Navalkar2016_Iterative_DD_load_control_for_flexible_WT_rotors.pdf}
}

@article{Park2009,
  title = {Stability Analysis and Control Design of {{LTI}} Discrete-Time Systems by the Direct Use of Time Series Data},
  author = {Park, Un Sik and Ikeda, Masao},
  date = {2009-05},
  journaltitle = {Automatica},
  shortjournal = {Automatica},
  volume = {45},
  number = {5},
  pages = {1265--1271},
  issn = {00051098},
  url = {https://linkinghub.elsevier.com/retrieve/pii/S0005109809000405},
  urldate = {2022-05-17},
  langid = {english},
  file = {C:\Users\rogierdinkla\Desktop\SPC\SPC-papers\2009Park_StabAnalAndControlDesignDLTITimeSeriesData.pdf}
}

@article{Peternell1996,
  title = {Statistical Analysis of Novel Subspace Identification Methods},
  author = {Peternell, K. and Scherrer, W. and Deistler, M.},
  date = {1996-07-01},
  journaltitle = {Signal Processing},
  volume = {52},
  number = {2},
  pages = {161--177},
  publisher = {{Elsevier}},
  issn = {0165-1684},
  url = {https://www.sciencedirect.com/science/article/pii/0165168496000515},
  urldate = {2022-11-07},
  langid = {english},
  file = {C\:\\Users\\rogierdinkla\\OneDrive - Delft University of Technology\\Desktop\\SPC\\SPC-papers\\1996Peternell_StatisticalAnalysisOfNovelSubIDMethods.pdf;C\:\\Users\\rogierdinkla\\Zotero\\storage\\ZCKZVYK8\\0165168496000515.html}
}

@article{Russell2022,
  title = {Review of {{LIDAR-assisted Control}} for {{Offshore Wind Turbine Applications}}},
  author = {Russell, A. J. and Collu, M. and McDonald, A. and Thies, P. R. and Mortimer, A. and Quayle, A. R.},
  date = {2022-11-01},
  journaltitle = {Journal of Physics: Conference Series},
  shortjournal = {J. Phys.: Conf. Ser.},
  volume = {2362},
  number = {1},
  pages = {012035},
  issn = {1742-6588, 1742-6596},
  url = {https://iopscience.iop.org/article/10.1088/1742-6596/2362/1/012035},
  urldate = {2023-06-14},
  langid = {english},
  file = {C:\Users\rogierdinkla\OneDrive - Delft University of Technology\Desktop\research papers\03 - MPC\77_Russell2022_Review_of_LIDAR-assisted_Control_4_OWT_applications.pdf}
}

@article{Salvador2018,
  title = {Data-Based Predictive Control via Direct Weight Optimization},
  author = {Salvador, Jose R. and family=Peña, given=D. Muñoz, prefix=de la, useprefix=true and Alamo, T. and Bemporad, A.},
  date = {2018},
  journaltitle = {IFAC-PapersOnLine},
  shortjournal = {IFAC-PapersOnLine},
  volume = {51},
  number = {20},
  pages = {356--361},
  issn = {24058963},
  url = {https://linkinghub.elsevier.com/retrieve/pii/S2405896318327174},
  urldate = {2022-05-17},
  langid = {english},
  file = {C:\Users\rogierdinkla\Desktop\SPC\SPC-papers\2018SalvadorJ_DatabasedPredControlCiaDataWeightOpt.pdf}
}

@inproceedings{Sassella2022,
  title = {Noise {{Handling}} in {{Data-driven Predictive Control}}: {{A Strategy Based}} on {{Dynamic Mode Decomposition}}},
  shorttitle = {Noise {{Handling}} in {{Data-driven Predictive Control}}},
  booktitle = {Proceedings of {{The}} 4th {{Annual Learning}} for {{Dynamics}} and {{Control Conference}}},
  author = {Sassella, Andrea and Breschi, Valentina and Formentin, Simone},
  date = {2022-05-11},
  pages = {74--85},
  publisher = {{PMLR}},
  issn = {2640-3498},
  url = {https://proceedings.mlr.press/v168/sassella22a.html},
  urldate = {2023-08-04},
  eventtitle = {Learning for {{Dynamics}} and {{Control Conference}}},
  langid = {english},
  file = {C:\Users\rogierdinkla\Zotero\storage\S93Z64EB\Sassella et al. - 2022 - Noise Handling in Data-driven Predictive Control .pdf}
}

@inproceedings{Sassella2022a,
  title = {Data-Driven Design of Explicit Predictive Controllers},
  booktitle = {2022 {{IEEE}} 61st {{Conference}} on {{Decision}} and {{Control}} ({{CDC}})},
  author = {Sassella, Andrea and Breschi, Valentina and Formentin, Simone},
  date = {2022-12},
  pages = {2821--2826},
  issn = {2576-2370},
  eventtitle = {2022 {{IEEE}} 61st {{Conference}} on {{Decision}} and {{Control}} ({{CDC}})},
  keywords = {Benchmark testing,Complexity theory,Numerical simulation,Optimization,Predictive control},
  file = {C\:\\Users\\rogierdinkla\\OneDrive - Delft University of Technology\\Desktop\\SPC\\SPC-papers\\2022Sassella_DDdesignofExplicitPredictiveControllers.pdf;C\:\\Users\\rogierdinkla\\Zotero\\storage\\NQECN3M4\\9993004.html}
}

@inproceedings{Sassella2023,
  title = {A {{Practitioner}}'s {{Guide}} to {{Noise Handling Strategies}} in {{Data-Driven Predictive Control}}},
  author = {Sassella, Andrea and Breschi, Valentina and Formentin, Simone},
  date = {2023},
  langid = {english},
  file = {C:\Users\rogierdinkla\OneDrive - Delft University of Technology\Desktop\research papers\01 - Data Driven\84_Sassella2023_APractitionersGuideToNoiseHandlingStrategiesInDDPC.pdf}
}

@article{Schlipf2014,
  title = {Field {{Testing}} of {{Feedforward Collective Pitch Control}} on the {{CART2 Using}} a {{Nacelle-Based Lidar Scanner}}},
  author = {Schlipf, David and Fleming, Paul and Haizmann, Florian and Scholbrock, Andrew and Hofsäß, Martin and Wright, Alan and Cheng, Po Wen},
  date = {2014-12},
  journaltitle = {Journal of Physics: Conference Series},
  shortjournal = {J. Phys.: Conf. Ser.},
  volume = {555},
  number = {1},
  pages = {012090},
  issn = {1742-6596},
  url = {https://dx.doi.org/10.1088/1742-6596/555/1/012090},
  urldate = {2023-01-26},
  langid = {english},
  file = {C:\Users\rogierdinkla\OneDrive - Delft University of Technology\Desktop\research papers\02 - WT\01 - wind speed previewing\01 - experimental validation\02 - full size\60_Schlipf2012_Field_Testing_of_FF_CPC_on_the_CART2_using_a_nacelle-based_lidar_scanner.pdf}
}

@inproceedings{Schlipf2015,
  title = {Collective {{Pitch Feedforward Control}} of {{Floating Wind Turbines Using Lidar}}},
  author = {Schlipf, David and Simley, Eric and Lemmer, Frank and Pao, Lucy and Cheng, Po Wen},
  date = {2015-06-21},
  publisher = {{OnePetro}},
  url = {https://onepetro.org/ISOPEIOPEC/proceedings-abstract/ISOPE15/All-ISOPE15/15111},
  urldate = {2023-01-25},
  eventtitle = {The {{Twenty-fifth International Ocean}} and {{Polar Engineering Conference}}},
  langid = {english},
  file = {C:\Users\rogierdinkla\OneDrive - Delft University of Technology\Desktop\research papers\02 - WT\01 - wind speed previewing\51_Schlipf2015_Collective_Pitch_FF_Control_of_FWTs_using_Lidar.pdf}
}

@inproceedings{Schlipf2020,
  title = {Multi-{{Variable Feedforward Control}} for {{Floating Wind Turbines Using Lidar}}},
  author = {Schlipf, David and Lemmer, Frank and Raach, Steffen},
  date = {2020-10-11},
  publisher = {{OnePetro}},
  url = {https://onepetro.org/ISOPEIOPEC/proceedings-abstract/ISOPE20/All-ISOPE20/446367},
  urldate = {2023-01-25},
  eventtitle = {The 30th {{International Ocean}} and {{Polar Engineering Conference}}},
  langid = {english},
  file = {C:\Users\rogierdinkla\OneDrive - Delft University of Technology\Desktop\research papers\02 - WT\01 - wind speed previewing\50_Schlipf2020_MV_FF_Control_for_FWTs_using_Lidar.pdf}
}

@report{Scholbrock2013,
  title = {Field {{Testing LIDAR Based Feed-Forward Controls}} on the {{NREL Controls Advanced Research Turbine}}: {{Preprint}}},
  shorttitle = {Field {{Testing LIDAR Based Feed-Forward Controls}} on the {{NREL Controls Advanced Research Turbine}}},
  author = {Scholbrock, A. K. and Fleming, P. A. and Fingersh, L. J. and Wright, A. D. and Schlipf, D. and Haizmann, F. and Belen, F.},
  date = {2013-01-01},
  number = {NREL/CP-5000-57339},
  institution = {{National Renewable Energy Lab. (NREL), Golden, CO (United States)}},
  url = {https://www.osti.gov/biblio/1059555},
  urldate = {2023-01-25},
  langid = {english},
  file = {C:\Users\rogierdinkla\Zotero\storage\BM4UM2C7\Scholbrock et al. - 2013 - Field Testing LIDAR Based Feed-Forward Controls on.pdf}
}

@inproceedings{Scholbrock2016,
  title = {Lidar-Enhanced Wind Turbine Control: {{Past}}, Present, and Future},
  shorttitle = {Lidar-Enhanced Wind Turbine Control},
  booktitle = {2016 {{American Control Conference}} ({{ACC}})},
  author = {Scholbrock, Andrew and Fleming, Paul and Schlipf, David and Wright, Alan and Johnson, Kathryn and Wang, Na},
  date = {2016-07},
  pages = {1399--1406},
  issn = {2378-5861},
  eventtitle = {2016 {{American Control Conference}} ({{ACC}})},
  keywords = {Blades,Laser radar,Measurement by laser beam,Rotors,Torque,Wind speed,Wind turbines},
  file = {C\:\\Users\\rogierdinkla\\OneDrive - Delft University of Technology\\Desktop\\research papers\\02 - WT\\01 - wind speed previewing\\61_Scholbrock2016_Lidar-Enhanced_WT_control_past_present_and_future.pdf;C\:\\Users\\rogierdinkla\\Zotero\\storage\\2WMD5XZU\\stamp.html}
}

@article{Sedghizadeh2018,
  title = {Data-Driven Subspace Predictive Control: {{Stability}} and Horizon Tuning},
  shorttitle = {Data-Driven Subspace Predictive Control},
  author = {Sedghizadeh, Saba and Beheshti, Soosan},
  date = {2018-10-01},
  journaltitle = {Journal of the Franklin Institute},
  shortjournal = {Journal of the Franklin Institute},
  volume = {355},
  number = {15},
  pages = {7509--7547},
  issn = {0016-0032},
  url = {https://www.sciencedirect.com/science/article/pii/S0016003218305106},
  urldate = {2022-11-09},
  langid = {english},
  file = {C\:\\Users\\rogierdinkla\\OneDrive - Delft University of Technology\\Desktop\\SPC\\SPC-papers\\2018Sedghizadeh_DD SPC Stability and Horizon Tuning.pdf;C\:\\Users\\rogierdinkla\\Zotero\\storage\\IPGCTU8W\\Sedghizadeh and Beheshti - 2018 - Data-driven subspace predictive control Stability.pdf;C\:\\Users\\rogierdinkla\\Zotero\\storage\\TZPQEDJP\\S0016003218305106.html}
}

@online{Shi2023,
  title = {Efficient {{Recursive Data-enabled Predictive Control}}: An {{Application}} to {{Consistent Predictors}}},
  shorttitle = {Efficient {{Recursive Data-enabled Predictive Control}}},
  author = {Shi, Jicheng and Jones, Colin N.},
  date = {2023-09-24},
  eprint = {2309.13755},
  eprinttype = {arxiv},
  eprintclass = {cs, eess},
  url = {http://arxiv.org/abs/2309.13755},
  urldate = {2023-09-29},
  pubstate = {preprint},
  keywords = {Electrical Engineering and Systems Science - Systems and Control},
  file = {C:\Users\rogierdinkla\OneDrive - Delft University of Technology\Desktop\research papers\01 - Data Driven\02 - DeePC\01 - CL DeePC\98_Shi2023_Efficient_Recursive_DeePC_an_Application_to_Consistent_Predictors.pdf}
}

@article{Sinner2020,
  title = {Revisiting Disturbance Accommodating Control for Wind Turbines},
  author = {Sinner, Michael and Pao, Lucy Y.},
  date = {2020-09},
  journaltitle = {Journal of Physics: Conference Series},
  shortjournal = {J. Phys.: Conf. Ser.},
  volume = {1618},
  number = {2},
  pages = {022021},
  publisher = {{IOP Publishing}},
  issn = {1742-6596},
  url = {https://dx.doi.org/10.1088/1742-6596/1618/2/022021},
  urldate = {2023-01-26},
  langid = {english},
  file = {C:\Users\rogierdinkla\OneDrive - Delft University of Technology\Desktop\research papers\02 - WT\01 - wind speed previewing\62_Sinner2020_Revisiting_DAC_for_WTs.pdf}
}

@article{Sinner2022,
  title = {Experimental {{Testing}} of a {{Preview-Enabled Model Predictive Controller}} for {{Blade Pitch Control}} of {{Wind Turbines}}},
  author = {Sinner, Michael and Petrović, Vlaho and Langidis, Apostolos and Neuhaus, Lars and Hölling, Michael and Kühn, Martin and Pao, Lucy Y.},
  date = {2022-03},
  journaltitle = {IEEE Transactions on Control Systems Technology},
  volume = {30},
  number = {2},
  pages = {583--597},
  issn = {1558-0865},
  eventtitle = {{{IEEE Transactions}} on {{Control Systems Technology}}},
  keywords = {Blades,Computational modeling,Feedforward (FF) control,Generators,real-time model predictive control (MPC),Rotors,Testing,Torque,wind energy,wind turbines,Wind turbines},
  file = {C\:\\Users\\rogierdinkla\\OneDrive - Delft University of Technology\\Desktop\\research papers\\02 - WT\\01 - wind speed previewing\\01 - experimental validation\\01 - scaled\\52_Sinner2022_Experimental_Testing_of_a_Preview-Enabled_MPC_for_Blade_Pitch_Control_of_WTs.pdf;C\:\\Users\\rogierdinkla\\Zotero\\storage\\Y5CB79Q5\\9403409.html}
}

@book{Soderstrom1989a,
  title = {System {{Identification}}},
  author = {Söderström, Torsten and Stoica, Petre},
  date = {1989},
  publisher = {{Prentice Hall}},
  isbn = {0-13-881236-5},
  file = {C:\Users\rogierdinkla\OneDrive - Delft University of Technology\Desktop\SPC\SPC-papers\1989SoderstromSto.pdf}
}

@article{Spencer2013,
  title = {Model Predictive Control of a Wind Turbine Using Short-Term Wind Field Predictions},
  author = {Spencer, Martin D. and Stol, Karl A. and Unsworth, Charles P. and Cater, John E. and Norris, Stuart E.},
  date = {2013},
  journaltitle = {Wind Energy},
  volume = {16},
  number = {3},
  pages = {417--434},
  issn = {1099-1824},
  url = {https://onlinelibrary.wiley.com/doi/abs/10.1002/we.1501},
  urldate = {2023-01-25},
  langid = {english},
  keywords = {feedforward,predictive control,preview control,wind preview},
  file = {C\:\\Users\\rogierdinkla\\OneDrive - Delft University of Technology\\Desktop\\research papers\\02 - WT\\01 - wind speed previewing\\55_Spencer2013_MPC_of_a_WT_using_short_term_wind_field_predictions.pdf;C\:\\Users\\rogierdinkla\\Zotero\\storage\\KFH2TDQI\\we.html}
}

@inproceedings{Umenberger2021,
  title = {Closed-Loop Data-Enabled Predictive Control},
  booktitle = {2021 {{American Control Conference}} ({{ACC}})},
  author = {Umenberger, Jack},
  date = {2021-05},
  pages = {3358--3365},
  issn = {2378-5861},
  eventtitle = {2021 {{American Control Conference}} ({{ACC}})},
  keywords = {Cost function,Data models,Predictive control,Predictive models},
  file = {C\:\\Users\\rogierdinkla\\OneDrive - Delft University of Technology\\Desktop\\research papers\\01 - Data Driven\\02 - DeePC\\01 - CL DeePC\\96_Umenberger2021_CL_DeePC.pdf;C\:\\Users\\rogierdinkla\\Zotero\\storage\\SN2QP5BD\\9483211.html}
}

@article{Vajpayee2018,
  title = {Data-{{Driven Subspace Predictive Control}} of a {{Nuclear Reactor}}},
  author = {Vajpayee, Vineet and Mukhopadhyay, Siddhartha and Tiwari, Akhilanand Pati},
  date = {2018-02},
  journaltitle = {IEEE Transactions on Nuclear Science},
  volume = {65},
  number = {2},
  pages = {666--679},
  issn = {1558-1578},
  eventtitle = {{{IEEE Transactions}} on {{Nuclear Science}}},
  keywords = {Control design,Discrete wavelet transforms,Inductors,Load-following operation,Mathematical model,nuclear reactor,predictive control,Predictive control,pressurized water-type reactor (PWR),subspace identification,wavelet filtering},
  file = {C\:\\Users\\rogierdinkla\\Zotero\\storage\\JKUANJDY\\Vajpayee et al. - 2018 - Data-Driven Subspace Predictive Control of a Nucle.pdf;C\:\\Users\\rogierdinkla\\Zotero\\storage\\G6P3FP8R\\8231212.html}
}

@inproceedings{vandenHof1995,
  title = {Identification and {{Control}} - {{Closed-loop Issues}}},
  author = {family=Hof, given=Paul M. J., prefix=van den, useprefix=true and Schrama, Ruud J. P.},
  date = {1995}
}

@article{vandenHof1995a,
  title = {Identification and {{Control}} - {{Closed-loop Issues}}},
  author = {family=Hof, given=Paul M. J., prefix=van den, useprefix=true and Schrama, Ruud J. P.},
  date = {1995},
  journaltitle = {Automatica},
  volume = {31},
  number = {12},
  pages = {1751--1770},
  file = {C:\Users\rogierdinkla\OneDrive - Delft University of Technology\Desktop\SPC\SPC-papers\1995Hof_IdentificationAndControl-ClosedLoopIssues.pdf}
}

@article{VandenHof1998,
  title = {Closed-Loop Issues in System Identification},
  author = {Van den Hof, Paul},
  date = {1998-01-01},
  journaltitle = {Annual Reviews in Control},
  shortjournal = {Annual Reviews in Control},
  volume = {22},
  pages = {173--186},
  issn = {1367-5788},
  url = {https://www.sciencedirect.com/science/article/pii/S1367578898000169},
  urldate = {2022-11-10},
  langid = {english},
  keywords = {asymptotic analysis,Closed-loop identification,control systems,linear systems,system identification},
  file = {C:\Users\rogierdinkla\Zotero\storage\5J26IXM9\S1367578898000169.html}
}

@inproceedings{vanderVeen2011,
  title = {Data-Driven Modelling of Wind Turbines},
  booktitle = {Proceedings of the 2011 {{American Control Conference}}},
  author = {family=Veen, given=Gijs, prefix=van der, useprefix=true and family=Wingerden, given=Jan Willem, prefix=van, useprefix=true and Verhaegen, Michel},
  date = {2011-06},
  pages = {72--77},
  issn = {2378-5861},
  eventtitle = {Proceedings of the 2011 {{American Control Conference}}},
  keywords = {Aerodynamics,Data models,Rotors,Torque,Wind speed,Wind turbines},
  file = {C\:\\Users\\rogierdinkla\\OneDrive - Delft University of Technology\\Desktop\\research papers\\02 - WT\\04 - data driven\\67_Veen2011_DD_modelling_of_WTs.pdf;C\:\\Users\\rogierdinkla\\Zotero\\storage\\68FWUJES\\5990944.html}
}

@article{vanderVeen2013,
  title = {Closed‐loop Subspace Identification Methods: An Overview},
  shorttitle = {Closed‐loop Subspace Identification Methods},
  author = {family=Veen, given=Gijs, prefix=van der, useprefix=true and family=Wingerden, given=Jan Willem, prefix=van, useprefix=true and Bergamasco, Marco and Lovera, Marco and Verhaegen, Michel},
  date = {2013-07},
  journaltitle = {IET Control Theory \& Applications},
  shortjournal = {IET Control Theory \& Applications},
  volume = {7},
  number = {10},
  pages = {1339--1358},
  issn = {1751-8652, 1751-8652},
  url = {https://onlinelibrary.wiley.com/doi/10.1049/iet-cta.2012.0653},
  urldate = {2022-06-14},
  langid = {english},
  file = {C:\Users\rogierdinkla\OneDrive - Delft University of Technology\Desktop\SPC\SPC-papers\2013Veen_CL subspace identification methods  an overview.pdf}
}

@thesis{vanderVeen2013a,
  title = {Identification of Wind Energy Systems},
  author = {family=Veen, given=G. J., prefix=van der, useprefix=true},
  date = {2013},
  institution = {{Delft University of Technology}},
  location = {{Delft, Netherlands}},
  url = {https://doi.org/10.4233/uuid:6c26c923-1518-4e53-bd22-f66c6b49ae7c},
  urldate = {2023-01-09},
  langid = {english},
  file = {C\:\\Users\\rogierdinkla\\OneDrive - Delft University of Technology\\Desktop\\SPC\\SPC-papers\\2013Veen_IDofWindEnergySystems.pdf;C\:\\Users\\rogierdinkla\\Zotero\\storage\\SHTEQ55N\\Van der Veen - 2013 - Identification of wind energy systems.pdf}
}

@article{VanOverschee1994,
  title = {{{N4SID}}: {{Subspace Algorithms}} for the {{Identification}} of {{Combined Deterministic-Stochastic Systems}}},
  author = {Van Overschee, Peter and De Moor, Bart},
  date = {1994},
  journaltitle = {Automatica},
  volume = {30},
  number = {1},
  pages = {75--93},
  keywords = {N4SID,Subspace Identification},
  file = {C:\Users\rogierdinkla\OneDrive - Delft University of Technology\Desktop\SPC\SPC-papers\1994Overschee_N4SID.pdf}
}

@book{VanOverschee1996,
  title = {Subspace {{Identification}} for {{Linear Systems}}},
  author = {Van Overschee, Peter and De Moor, Bart},
  date = {1996},
  publisher = {{Springer US}},
  location = {{Boston}},
  url = {http://link.springer.com/10.1007/978-1-4613-0465-4},
  urldate = {2022-05-17},
  isbn = {978-1-4613-8061-0 978-1-4613-0465-4},
  langid = {english},
  file = {C:\Users\rogierdinkla\OneDrive - Delft University of Technology\Desktop\SPC\SPC-papers\1996OverscheeP_SubspaceIdentificationForLinearSystems.pdf}
}

@inproceedings{VanOverschee1997,
  title = {Closed Loop Subspace System Identification},
  booktitle = {Proceedings of the 36th {{IEEE Conference}} on {{Decision}} and {{Control}}},
  author = {Van Overschee, P. and De Moor, B.},
  date = {1997-12},
  volume = {2},
  pages = {1848-1853 vol.2},
  issn = {0191-2216},
  eventtitle = {Proceedings of the 36th {{IEEE Conference}} on {{Decision}} and {{Control}}},
  keywords = {Data mining,Error correction,Feedback,Instruments,Intelligent systems,MIMO,Optimal control,Optimization methods,State-space methods,System identification},
  file = {C\:\\Users\\rogierdinkla\\OneDrive - Delft University of Technology\\Desktop\\SPC\\SPC-papers\\1997Overschee_CL_Subspace_SysID.pdf;C\:\\Users\\rogierdinkla\\Zotero\\storage\\X93Q6DYV\\657851.html}
}

@online{vanWaarde2020,
  title = {Data Informativity: A New Perspective on Data-Driven Analysis and Control},
  shorttitle = {Data Informativity},
  author = {family=Waarde, given=Henk J., prefix=van, useprefix=true and Eising, Jaap and Trentelman, Harry L. and Camlibel, M. Kanat},
  date = {2020-01-10},
  eprint = {1908.00468},
  eprinttype = {arxiv},
  eprintclass = {math},
  url = {http://arxiv.org/abs/1908.00468},
  urldate = {2022-05-17},
  langid = {english},
  pubstate = {preprint},
  keywords = {Mathematics - Dynamical Systems,Mathematics - Optimization and Control},
  file = {C:\Users\rogierdinkla\OneDrive - Delft University of Technology\Desktop\SPC\SPC-papers\2019WaardeHJ_DataInformativityANewPerspOnDDAnaAndControl.pdf}
}

@article{vanWaarde2020a,
  title = {Willems’ {{Fundamental Lemma}} for {{State-Space Systems}} and {{Its Extension}} to {{Multiple Datasets}}},
  author = {family=Waarde, given=Henk J., prefix=van, useprefix=true and De Persis, Claudio and Camlibel, M. Kanat and Tesi, Pietro},
  date = {2020-07},
  journaltitle = {IEEE Control Systems Letters},
  volume = {4},
  number = {3},
  pages = {602--607},
  issn = {2475-1456},
  eventtitle = {{{IEEE Control Systems Letters}}},
  keywords = {Computational modeling,Controllability,Identification for control,Instruments,Kernel,linear systems,Linear systems,Trajectory},
  file = {C\:\\Users\\rogierdinkla\\OneDrive - Delft University of Technology\\Desktop\\SPC\\SPC-papers\\2020WaardeH_WFMforSSandExtensionToMultipleDatasets-journal_version.pdf;C\:\\Users\\rogierdinkla\\Zotero\\storage\\AV2YQQEB\\9062331.html}
}

@article{VanWaarde2023,
  title = {The {{Informativity Approach}}: {{To Data-Driven Analysis}} and {{Control}}},
  shorttitle = {The {{Informativity Approach}}},
  author = {Van Waarde, Henk J. and Eising, Jaap and Camlibel, M. Kanat and Trentelman, Harry L.},
  date = {2023},
  journaltitle = {IEEE Control Systems Magazine},
  volume = {43},
  number = {6},
  pages = {32--66},
  issn = {1941-000X},
  url = {https://ieeexplore.ieee.org/document/10317631},
  urldate = {2024-01-22},
  eventtitle = {{{IEEE Control Systems Magazine}}},
  file = {C:\Users\rogierdinkla\Zotero\storage\GHQ8LTMU\Van Waarde et al. - 2023 - The Informativity Approach To Data-Driven Analysi.pdf}
}

@inproceedings{vanWingerden2022,
  title = {Data-Enabled Predictive Control with Instrumental Variables: The Direct Equivalence with Subspace Predictive Control},
  shorttitle = {Data-Enabled Predictive Control with Instrumental Variables},
  booktitle = {2022 {{IEEE}} 61st {{Conference}} on {{Decision}} and {{Control}} ({{CDC}})},
  author = {family=Wingerden, given=Jan Willem, prefix=van, useprefix=true and Mulders, Sebastiaan P. and Dinkla, Rogier and Oomen, Tom and Verhaegen, Michel},
  date = {2022},
  pages = {2111--2116},
  location = {{Cancun, Mexico}},
  issn = {2576-2370},
  eventtitle = {2022 {{IEEE}} 61st {{Conference}} on {{Decision}} and {{Control}} ({{CDC}})},
  keywords = {Instruments,Mathematical models,Measurement uncertainty,Noise measurement,Parametric statistics,Prediction algorithms,Predictive control},
  file = {C\:\\Users\\rogierdinkla\\OneDrive - Delft University of Technology\\Desktop\\SPC\\SPC-papers\\2022WingerdenJW_DeePCIVEquivalenceSPC.pdf;C\:\\Users\\rogierdinkla\\Zotero\\storage\\MYGDJX9L\\9992824.html}
}

@unpublished{vanWingerden2022a,
  title = {Design {{Methods}} for {{Control Systems Lecture}} 4},
  author = {family=Wingerden, given=Jan Willem, prefix=van, useprefix=true},
  date = {2022-05-23},
  venue = {{Utrecht}}
}

@online{vanWingerden2022b,
  title = {Data-Enabled Predictive Control with Instrumental Variables: The Direct Equivalence with Subspace Predictive Control},
  shorttitle = {Data-Enabled Predictive Control with Instrumental Variables},
  author = {family=Wingerden, given=Jan Willem, prefix=van, useprefix=true and Mulders, Sebastiaan and Dinkla, Rogier and Oomen, Tom and Verhaegen, Michel},
  date = {2022-09-12},
  eprint = {2209.05210},
  eprinttype = {arxiv},
  eprintclass = {cs, eess},
  url = {http://arxiv.org/abs/2209.05210},
  urldate = {2022-10-26},
  pubstate = {preprint},
  keywords = {Electrical Engineering and Systems Science - Systems and Control},
  file = {C\:\\Users\\rogierdinkla\\OneDrive - Delft University of Technology\\Desktop\\SPC\\SPC-papers\\2022WingerdenJW_DeePCIVEquivalenceSPC.pdf;C\:\\Users\\rogierdinkla\\Zotero\\storage\\8XW8KNVV\\2209.html}
}

@article{Veers2019,
  title = {Grand Challenges in the Science of Wind Energy},
  author = {Veers, Paul and Dykes, Katherine and Lantz, Eric and Barth, Stephan and Bottasso, Carlo L. and Carlson, Ola and Clifton, Andrew and Green, Johney and Green, Peter and Holttinen, Hannele and Laird, Daniel and Lehtomäki, Ville and Lundquist, Julie K. and Manwell, James and Marquis, Melinda and Meneveau, Charles and Moriarty, Patrick and Munduate, Xabier and Muskulus, Michael and Naughton, Jonathan and Pao, Lucy and Paquette, Joshua and Peinke, Joachim and Robertson, Amy and Sanz Rodrigo, Javier and Sempreviva, Anna Maria and Smith, J. Charles and Tuohy, Aidan and Wiser, Ryan},
  date = {2019-10-25},
  journaltitle = {Science},
  shortjournal = {Science},
  volume = {366},
  number = {6464},
  pages = {eaau2027},
  issn = {0036-8075, 1095-9203},
  url = {https://www.science.org/doi/10.1126/science.aau2027},
  urldate = {2023-06-14},
  langid = {english},
  file = {C:\Users\rogierdinkla\Zotero\storage\73TAAFYY\Veers et al. - 2019 - Grand challenges in the science of wind energy.pdf}
}

@article{Verhaegen1995,
  title = {A Class of Subspace Model Identification Algorithms to Identify Periodically and Arbitrarily Time-Varying Systems},
  author = {Verhaegen, Michel and Yu, Xiaode},
  date = {1995-02-01},
  journaltitle = {Automatica},
  shortjournal = {Automatica},
  volume = {31},
  number = {2},
  pages = {201--216},
  issn = {0005-1098},
  url = {https://www.sciencedirect.com/science/article/pii/000510989400091V},
  urldate = {2024-01-17},
  keywords = {ensemble identification,linear algebra,periodically time-varying systems,state space model,subspace model identification,Time-varying systems},
  file = {C:\Users\rogierdinkla\Zotero\storage\C6KD8BE8\000510989400091V.html}
}

@book{Verhaegen2007a,
  title = {Filtering and System Identification: A Least Squares Approach},
  shorttitle = {Filtering and System Identification},
  author = {Verhaegen, M. and Verdult, Vincent},
  date = {2007},
  publisher = {{Cambridge University Press}},
  location = {{Cambridge ; New York}},
  isbn = {978-0-521-87512-7},
  pagetotal = {405},
  keywords = {Filters (Mathematics),System identification},
  annotation = {OCLC: ocn124919006}
}

@article{Verheijen2023,
  title = {Handbook of Linear Data-Driven Predictive Control: {{Theory}}, Implementation and Design},
  shorttitle = {Handbook of Linear Data-Driven Predictive Control},
  author = {Verheijen, P. C. N. and Breschi, V. and Lazar, M.},
  date = {2023-01-01},
  journaltitle = {Annual Reviews in Control},
  shortjournal = {Annual Reviews in Control},
  volume = {56},
  pages = {100914},
  issn = {1367-5788},
  url = {https://www.sciencedirect.com/science/article/pii/S1367578823000780},
  urldate = {2023-12-21},
  keywords = {Constrained control,Data-driven control,Model free control,Predictive control},
  file = {C\:\\Users\\rogierdinkla\\OneDrive - Delft University of Technology\\Desktop\\research papers\\01 - Data Driven\\108_Verheijen2023_Handbook_of_linear_DDPC_Theory_implementation_and_design.pdf;C\:\\Users\\rogierdinkla\\Zotero\\storage\\CRWFEDXT\\S1367578823000780.html}
}

@article{Verwaal2015,
  title = {Predictive Control of an Experimental Wind Turbine Using Preview Wind Speed Measurements},
  author = {Verwaal, N. W. and family=Veen, given=G. J., prefix=van der, useprefix=true and family=Wingerden, given=J. W., prefix=van, useprefix=true},
  date = {2015},
  journaltitle = {Wind Energy},
  volume = {18},
  number = {3},
  pages = {385--398},
  issn = {1099-1824},
  url = {https://onlinelibrary.wiley.com/doi/abs/10.1002/we.1702},
  urldate = {2023-01-25},
  langid = {english},
  keywords = {experimental verification,LIDAR preview information,model predictive control,wind tunnel,wind turbine},
  file = {C\:\\Users\\rogierdinkla\\OneDrive - Delft University of Technology\\Desktop\\RESEAR~1\\02-WT~1\\01-WIN~1\\01-EXP~1\\01-SCA~1\\53_VER~1.PDF;C\:\\Users\\rogierdinkla\\Zotero\\storage\\Q4ZIVU5Z\\we.html}
}

@article{Wachter2006,
  title = {On the Implementation of an Interior-Point Filter Line-Search Algorithm for Large-Scale Nonlinear Programming},
  author = {Wächter, Andreas and Biegler, Lorenz T.},
  date = {2006-03-01},
  journaltitle = {Mathematical Programming},
  shortjournal = {Math. Program.},
  volume = {106},
  number = {1},
  pages = {25--57},
  issn = {1436-4646},
  url = {https://doi.org/10.1007/s10107-004-0559-y},
  urldate = {2023-12-29},
  langid = {english},
  keywords = {49M37,65K05,90C30,90C51,Barrier method,Filter method,Interior-point method,Line search,Nonconvex constrained optimization,Nonlinear programming},
  file = {C:\Users\rogierdinkla\Zotero\storage\68XHF5M2\Wächter and Biegler - 2006 - On the implementation of an interior-point filter .pdf}
}

@online{Wang2022,
  title = {{{DeeP-LCC}}: {{Data-EnablEd Predictive Leading Cruise Control}} in {{Mixed Traffic Flow}}},
  shorttitle = {{{DeeP-LCC}}},
  author = {Wang, Jiawei and Zheng, Yang and Li, Keqiang and Xu, Qing},
  date = {2022-03-20},
  eprint = {2203.10639},
  eprinttype = {arxiv},
  eprintclass = {cs, eess},
  url = {http://arxiv.org/abs/2203.10639},
  urldate = {2022-11-10},
  pubstate = {preprint},
  keywords = {Electrical Engineering and Systems Science - Systems and Control},
  file = {C\:\\Users\\rogierdinkla\\Zotero\\storage\\CV2N4N2W\\Wang et al. - 2022 - DeeP-LCC Data-EnablEd Predictive Leading Cruise C.pdf;C\:\\Users\\rogierdinkla\\Zotero\\storage\\Q4NW4FPF\\2203.html}
}

@online{Wang2023,
  title = {Data-{{Driven Predictive Control Using Closed-Loop Data}}: {{An Instrumental Variable Approach}}},
  shorttitle = {Data-{{Driven Predictive Control Using Closed-Loop Data}}},
  author = {Wang, Yibo and Qiu, Yiwen and Sader, Malika and Huang, Dexian and Shang, Chao},
  date = {2023-09-11},
  eprint = {2309.05916},
  eprinttype = {arxiv},
  eprintclass = {math},
  url = {http://arxiv.org/abs/2309.05916},
  urldate = {2023-09-13},
  pubstate = {preprint},
  keywords = {Mathematics - Optimization and Control},
  file = {C\:\\Users\\rogierdinkla\\OneDrive - Delft University of Technology\\Desktop\\research papers\\01 - Data Driven\\02 - DeePC\\01 - CL DeePC\\94_Wang2023_DDPC_using_CL_data_an_IV_approach.pdf;C\:\\Users\\rogierdinkla\\Zotero\\storage\\G8DTDWU3\\2309.html}
}

@article{Willems2005,
  title = {A Note on Persistency of Excitation},
  author = {Willems, Jan C. and Rapisarda, Paolo and Markovsky, Ivan and De Moor, Bart L.M.},
  date = {2005-04},
  journaltitle = {Systems \& Control Letters},
  shortjournal = {Systems \& Control Letters},
  volume = {54},
  number = {4},
  pages = {325--329},
  issn = {01676911},
  url = {https://linkinghub.elsevier.com/retrieve/pii/S0167691104001434},
  urldate = {2022-05-17},
  langid = {english},
  keywords = {persistency of excitation},
  file = {C:\Users\rogierdinkla\OneDrive - Delft University of Technology\Desktop\SPC\SPC-papers\2005WillemsJ_ANoteOnPersistencyOfExcitation.pdf}
}

@article{Wintermeyer-Kallen2023,
  title = {Challenges of Applying Model-Based Predictive Wind Turbine Control in the Field},
  author = {Wintermeyer-Kallen, Thorben and Basler, Maximilian and Konrad, Thomas and Zierath, János and Abel, Dirk},
  date = {2023-03},
  journaltitle = {Forschung im Ingenieurwesen},
  shortjournal = {Forsch Ingenieurwes},
  volume = {87},
  number = {1},
  pages = {119--128},
  issn = {0015-7899, 1434-0860},
  url = {https://link.springer.com/10.1007/s10010-023-00634-1},
  urldate = {2023-06-14},
  langid = {english},
  file = {C:\Users\rogierdinkla\OneDrive - Delft University of Technology\Desktop\research papers\03 - MPC\76_Wintermeyer-Kallen2023_Challenges_of_applying_model_based_predictive_WTC_in_the_field.pdf}
}

@thesis{Woodley2001,
  title = {Model Free Subspace Based {{H}}∞ Control},
  author = {Woodley, Bruce R},
  date = {2001},
  institution = {{Stanford University}},
  file = {C:\Users\rogierdinkla\OneDrive - Delft University of Technology\Desktop\SPC\SPC-papers\2001Woodley_ModelFreeSubspaceBasedHinftyControl.pdf}
}

@article{Yin2023,
  title = {Maximum {{Likelihood Estimation}} in {{Data-Driven Modeling}} and {{Control}}},
  author = {Yin, Mingzhou and Iannelli, Andrea and Smith, Roy S.},
  date = {2023-01},
  journaltitle = {IEEE Transactions on Automatic Control},
  volume = {68},
  number = {1},
  pages = {317--328},
  issn = {1558-2523},
  eventtitle = {{{IEEE Transactions}} on {{Automatic Control}}},
  keywords = {Data-driven modeling,Linear systems,maximum likelihood estimation (MLE),model-predictive control (MPC),Noise measurement,Prediction algorithms,Predictive control,Predictive models,system identification,Trajectory},
  file = {C\:\\Users\\rogierdinkla\\Zotero\\storage\\CJR7B5VL\\Yin et al. - 2023 - Maximum Likelihood Estimation in Data-Driven Model.pdf;C\:\\Users\\rogierdinkla\\Zotero\\storage\\RS5ET7LY\\9661376.html}
}

@article{Yu2018,
  title = {Evaluation of Control Methods for Floating Offshore Wind Turbines},
  author = {Yu, Wei and Lemmer, Frank and Schlipf, David and Cheng, Po Wen and Visser, Bart and Links, Harmen and Gupta, Neelabh and Dankemann, Sabrina and Counago, Bernardino and Serna, Jose},
  date = {2018-10},
  journaltitle = {Journal of Physics: Conference Series},
  shortjournal = {J. Phys.: Conf. Ser.},
  volume = {1104},
  number = {1},
  pages = {012033},
  publisher = {{IOP Publishing}},
  issn = {1742-6596},
  url = {https://dx.doi.org/10.1088/1742-6596/1104/1/012033},
  urldate = {2023-01-26},
  langid = {english},
  file = {C:\Users\rogierdinkla\OneDrive - Delft University of Technology\Desktop\research papers\02 - WT\03 - floating\63_Yu2018_Evaluation_of_control_methods_for_FOWTs.pdf}
}
